Product Name,Price,Price per Unit
Optimum Dog Treats Salmon & Chia 6 Pack,$6.00,$7.50 / 100G
Optimum Protein Bites Dog Treats Fish & Spinach 75g,$6.00,$8.00 / 100G
Farmers Market Adult Dry Dog Food Beef & Farm Vegetables 6.8kg,$40.00,$0.59 / 100G
Farmers Market Adult Dry Dog Food Beef With Airdried Inclusions 2.2kg,$21.00,$0.95 / 100G
Whiskas 1+ Years Wet Cat Food Beef Mince 400g Can,$2.60,$0.65 / 100G
Whiskas 1+ Years Wet Cat Food Chicken Mince 400g Can,$2.60,$0.65 / 100G
Whiskas 1+ Years Wet Cat Food Lamb Mince 400g Can,$2.60,$0.65 / 100G
Smitten Cat Food Mince Beef 400g,$1.75,$0.44 / 100G
Whiskas 1+ Years Wet Cat Food Ocean Fish Loaf 400g Can,$2.60,$0.65 / 100G
Whiskas 1+ Years Mixed Favourites In Jelly Wet Cat Food Pouch 85g X12 Pack,$12.00,$1.18 / 100G
Nature's Gift Adult Dry Dog Food With Kangaroo 6kg,$25.00,$0.42 / 100G
Farmers Market Adult Dry Dog Food Chicken & Farm Vegetables 6.8kg,$40.00,$0.59 / 100G
Farmers Market Adult Dry Dog Food Chicken W Airdried Inclusions 2.2kg,$21.00,$0.95 / 100G
Nature's Gift Adult Dry Dog Food With Beef 6kg,$25.00,$0.42 / 100G
Smitten Cat Food Mince Chicken & Turkey 400g,$1.75,$0.44 / 100G
Smitten Cat Food Tuna Mince 400g,$1.75,$0.44 / 100G
Smitten Cat Food Beef Lamb & Vegetables 1kg,$4.00,$0.40 / 100G
Schmackos Strapz Variety Pack Chicken Liver & Beef Dog Treats 500g,$11.00,$2.20 / 100G
Whiskas 1+ Years Wet Cat Food Chicken In Gravy Pouch 85g X12 Pack,$12.00,$1.18 / 100G
Smitten Kitten Food Chicken & Tuna 1kg,$4.00,$0.40 / 100G
Schmackos Strapz Beef Dog Treats 200g,$7.50,$3.75 / 100G
Smitten Kitten Food Chicken Mince 400g,$1.75,$0.44 / 100G
Smitten Cat Food Seafood Basket 400g,$1.75,$0.44 / 100G
Frankie & Friends Sunflower Seeds 1.5kg,$6.00,$0.40 / 100G
Whiskas 1+ Years Favourites Tuna In Jelly Wet Cat Food Pouch 85g X12 Pack,$12.00,$1.18 / 100G
Whiskas Chicken & Rabbit Adult Dry Cat Food 800g,$4.50,$0.56 / 100G
Whiskas 1+ Years Favourites With Beef In Jelly Wet Cat Food Pouch 85g X12 Pack,$12.00,$1.18 / 100G
Whiskas 1+ Years Wet Cat Food Chicken In Jelly Pouch 85g X12 Pack,$12.00,$1.18 / 100G
Vitapet Jerhigh Treat Chicken Tenders 200g,$14.50,$7.25 / 100G
Schmackos Strapz Chicken Dog Treats 200g,$7.50,$3.75 / 100G
Schmackos Strapz With Beef Dog Treats 500g,$11.00,$2.20 / 100G
Whiskas Mixed Favourites In Jelly 7+ Years 12 Pack,$12.00,$1.18 / 100G
Optimum Dog Treats Salmon & Chia 6 Pack,$6.00,$7.50 / 100G
Optimum Protein Bites Dog Treats Fish & Spinach 75g,$6.00,$8.00 / 100G
Farmers Market Adult Dry Dog Food Beef & Farm Vegetables 6.8kg,$40.00,$0.59 / 100G
Farmers Market Adult Dry Dog Food Beef With Airdried Inclusions 2.2kg,$21.00,$0.95 / 100G
Whiskas 1+ Years Wet Cat Food Beef Mince 400g Can,$2.60,$0.65 / 100G
Whiskas 1+ Years Wet Cat Food Chicken Mince 400g Can,$2.60,$0.65 / 100G
Whiskas 1+ Years Wet Cat Food Lamb Mince 400g Can,$2.60,$0.65 / 100G
Smitten Cat Food Mince Beef 400g,$1.75,$0.44 / 100G
Whiskas 1+ Years Wet Cat Food Ocean Fish Loaf 400g Can,$2.60,$0.65 / 100G
Whiskas 1+ Years Mixed Favourites In Jelly Wet Cat Food Pouch 85g X12 Pack,$12.00,$1.18 / 100G
Nature's Gift Adult Dry Dog Food With Kangaroo 6kg,$25.00,$0.42 / 100G
Farmers Market Adult Dry Dog Food Chicken & Farm Vegetables 6.8kg,$40.00,$0.59 / 100G
Farmers Market Adult Dry Dog Food Chicken W Airdried Inclusions 2.2kg,$21.00,$0.95 / 100G
Nature's Gift Adult Dry Dog Food With Beef 6kg,$25.00,$0.42 / 100G
Smitten Cat Food Mince Chicken & Turkey 400g,$1.75,$0.44 / 100G
Smitten Cat Food Tuna Mince 400g,$1.75,$0.44 / 100G
Smitten Cat Food Beef Lamb & Vegetables 1kg,$4.00,$0.40 / 100G
Schmackos Strapz Variety Pack Chicken Liver & Beef Dog Treats 500g,$11.00,$2.20 / 100G
Whiskas 1+ Years Wet Cat Food Chicken In Gravy Pouch 85g X12 Pack,$12.00,$1.18 / 100G
Smitten Kitten Food Chicken & Tuna 1kg,$4.00,$0.40 / 100G
Schmackos Strapz Beef Dog Treats 200g,$7.50,$3.75 / 100G
Smitten Kitten Food Chicken Mince 400g,$1.75,$0.44 / 100G
Smitten Cat Food Seafood Basket 400g,$1.75,$0.44 / 100G
Frankie & Friends Sunflower Seeds 1.5kg,$6.00,$0.40 / 100G
Whiskas 1+ Years Favourites Tuna In Jelly Wet Cat Food Pouch 85g X12 Pack,$12.00,$1.18 / 100G
Whiskas Chicken & Rabbit Adult Dry Cat Food 800g,$4.50,$0.56 / 100G
Whiskas 1+ Years Favourites With Beef In Jelly Wet Cat Food Pouch 85g X12 Pack,$12.00,$1.18 / 100G
Whiskas 1+ Years Wet Cat Food Chicken In Jelly Pouch 85g X12 Pack,$12.00,$1.18 / 100G
Vitapet Jerhigh Treat Chicken Tenders 200g,$14.50,$7.25 / 100G
Schmackos Strapz Chicken Dog Treats 200g,$7.50,$3.75 / 100G
Schmackos Strapz With Beef Dog Treats 500g,$11.00,$2.20 / 100G
Whiskas Mixed Favourites In Jelly 7+ Years 12 Pack,$12.00,$1.18 / 100G
V.i.p Chunkers Adult Chilled Fresh Dog Food Lamb & Veges Meatball 1kg,$6.00,$0.60 / 100G
Pedigree Dentastix Large Dental Dog Treat 28 Pack,$15.50,$0.55 / 1EA
V.i.p Chunkers Adult Chilled Fresh Dog Food Chicken&egg Meatballs 1kg,$6.00,$0.60 / 100G
Essentials Cat Litter Clay Clumping 4.5kg,$3.50,$0.78 / 1KG
Whiskas 1+ Years Wet Cat Food Beef Mince 400g Can,$2.60,$0.65 / 100G
Breeders Choice Paper Cat Litter 24l,$22.00,$0.92 / 1L
Whiskas 1+ Years Wet Cat Food Chicken Mince 400g Can,$2.60,$0.65 / 100G
Pedigree Dentastix Large Dog Dental Treat 7 Pack,$6.50,$0.93 / 1EA
Whiskas 1+ Years Mixed Favourites In Gravy 12 X85g,$12.00,$1.18 / 100G
Whiskas Chicken & Turkey Adult Dry Cat Food 1.8kg,$12.00,$0.67 / 100G
Whiskas Sardine & Prawn Adult Dry Cat Food 800g,$4.50,$0.56 / 100G
Whiskas 1+ Years Wet Cat Food Favourites Beef In Gravy Pouch 85g X12 Pack,$12.00,$1.18 / 100G
Temptations Cat Treats Tasty Chicken 180g,$9.00,$5.00 / 100G
Whiskas Kitten Mixed Favourites In Jelly 2-12 Months 12 Pack,$12.00,$1.18 / 100G
Schmackos Strapz Bbq Lamb Flavour Dog Treat 200g,$7.50,$3.75 / 100G
Schmackos Strapz Liver Dog Treats 200g,$7.50,$3.75 / 100G
Vitapet Jerhigh Treat Milk Sticks 100g,$6.00,$6.00 / 100G
Schmackos Strapz With Chicken Dog Treats 500g,$11.00,$2.20 / 100G
Whiskas 1+ Years Oh So Fishy Ocean Platter In Jelly 85g X12 Pack,$9.40,$0.92 / 100G
Temptations Cat Treats Tasty Chicken 85g,$4.00,$4.71 / 100G
Vitapet Jerhigh Real Chicken Sticks 100g,$6.00,$6.00 / 100G
Vitapet Chewz Chicken Wrapped Rawhide Dog Food 18 Pack,$16.50,$0.92 / 1EA
Vitapet Jerhigh Treat Real Chicken Bacon 100g,$6.00,$6.00 / 100G
Temptations Cat Treats Tempting Tuna 85g,$4.00,$4.71 / 100G
Smitten Cat Litter Crystals 2kg,$12.00,$6.00 / 1KG
Whiskas Sardine & Prawn Adult Dry Cat Food 1.8kg,$12.00,$0.67 / 100G
Temptations Cat Treats Seafood Medley 180g,$9.00,$5.00 / 100G
Whiskas Chicken & Tuna Dry Kitten Food 800g,$4.50,$0.56 / 100G
Trill Budgie Mix 1.8kg,$6.00,$0.33 / 100G
Schmackos Tasty Bites Cheesy Nibbles Cheese & Beef Dog Treats 140g,$4.50,$3.21 / 100G
Whiskas Oh So Meaty Meat Cuts Adult Wet Cat Food 12 Pack,$9.40,$0.92 / 100G
Fancy Feast Adult Classic Chicken Feast Gravy Grilled Wet Cat Food 85g,$1.60,$1.88 / 100G
V.i.p Chunkers Adult Chilled Fresh Dog Food Lamb & Veges Meatball 1kg,$6.00,$0.60 / 100G
Pedigree Dentastix Large Dental Dog Treat 28 Pack,$15.50,$0.55 / 1EA
V.i.p Chunkers Adult Chilled Fresh Dog Food Chicken&egg Meatballs 1kg,$6.00,$0.60 / 100G
Essentials Cat Litter Clay Clumping 4.5kg,$3.50,$0.78 / 1KG
Whiskas 1+ Years Wet Cat Food Beef Mince 400g Can,$2.60,$0.65 / 100G
Breeders Choice Paper Cat Litter 24l,$22.00,$0.92 / 1L
Whiskas 1+ Years Wet Cat Food Chicken Mince 400g Can,$2.60,$0.65 / 100G
Pedigree Dentastix Large Dog Dental Treat 7 Pack,$6.50,$0.93 / 1EA
Supercoat Adult Chicken Dog Food 7kg,$33.00,$0.47 / 100G
Temptations Cat Treats Hearty Beef 85g,$4.00,$4.71 / 100G
Vitapet Duck Tenders 100g,$9.00,$9.00 / 100G
Schmackos Tasty Bites Chewy Cubes With Chicken Dog Treats 130g,$4.50,$3.46 / 100G
Ultimates Indulge Beef Mince In Gravy 400g,$2.00,$0.50 / 100G
Ultimates Indulge Lamb Mince In Gravy 400g,$2.00,$0.50 / 100G
Fancy Feast Adult Classic Salmon Feast Gravy Grilled Wet Cat Food 85g,$1.60,$1.88 / 100G
Whiskas Oh So Fishy 1+ Years Wet Cat Food Seafood 85g X12,$9.40,$0.92 / 100G
Purina One Adult Urinary Care With Chicken In Gravy Wet Cat Food 70g,$2.30,$3.29 / 100G
Smitten Cat Milk 250ml 3 Pack,$4.00,$0.53 / 100ML
"Whiskas Mixed Favourites In Jelly Beef, Chicken And Tuna Flavour 85g X24 Pack",$21.00,$1.03 / 100G
Smitten Chicken Selection Adult Wet Cat Food 12 Pack,$6.00,$0.59 / 100G
Schmackos Marrobones Dog Treats 737g,$12.50,$1.70 / 100G
Fancy Feast Adult Classic Tuna Feast In Gravy Grilled Wet Cat Food 85g,$1.60,$1.88 / 100G
Vitapet Jerhigh Treat Variety Pack 400g,$20.00,$5.00 / 100G
Ultimates Indulge Chicken Mince In Gravy 400g,$2.00,$0.50 / 100G
Fancy Feast Adult Classic Chicken Feast Chunky Wet Cat Food 85g,$1.60,$1.88 / 100G
Trill Cockatiel Mix 1.8kg,$6.00,$0.33 / 100G
Schmackos Strapz With Liver Dog Treats 500g,$11.00,$2.20 / 100G
Smitten Recycled Paper Cat Litter 20l,$20.00,$1.00 / 1L
Fancy Feast Adult Delights Chicken & Cheddar Cheese Wet Cat Food 85g,$1.60,$1.88 / 100G
Vitapet Soft Chicken Tenders 100g,$9.00,$9.00 / 100G
Ultimates Indulge Chicken Mince And Sardine 400g,$2.00,$0.50 / 100G
Fancy Feast Classic Ocean Whitefish Tuna Gravy Grilled Wet Cat Food 85g,$1.60,$1.88 / 100G
V.i.p Chunkers Adult Chilled Fresh Dog Food Lamb & Veges Meatball 1kg,$6.00,$0.60 / 100G
Pedigree Dentastix Large Dental Dog Treat 28 Pack,$15.50,$0.55 / 1EA
V.i.p Chunkers Adult Chilled Fresh Dog Food Chicken&egg Meatballs 1kg,$6.00,$0.60 / 100G
Essentials Cat Litter Clay Clumping 4.5kg,$3.50,$0.78 / 1KG
Whiskas 1+ Years Wet Cat Food Beef Mince 400g Can,$2.60,$0.65 / 100G
Breeders Choice Paper Cat Litter 24l,$22.00,$0.92 / 1L
Whiskas 1+ Years Wet Cat Food Chicken Mince 400g Can,$2.60,$0.65 / 100G
Pedigree Dentastix Large Dog Dental Treat 7 Pack,$6.50,$0.93 / 1EA
Ultimates Indulge Beef Casserole With Vegetables Wet Dog Food 400g,$2.00,$0.50 / 100G
Fancy Feast Adult Classic Savory Salmon Feast Patè Wet Cat Food 85g,$1.60,$1.88 / 100G
Supercoat Beef Dog Food Adult 7kg,$33.00,$0.47 / 100G
Fancy Feast Adult Classic Turkey Feast Gravy Grilled Wet Cat Food 85g,$1.60,$1.88 / 100G
Whiskas Beef & Lamb Adult Dry Cat Food 1.8kg,$12.00,$0.67 / 100G
Trill Small Parrot Mix 1.8kg,$6.00,$0.33 / 100G
Trill Bird Honey Stick Variety Budgerigar 105g,$3.99,$3.80 / 100G
Whiskas Tuna & Sardine 7+ Years Dry Cat Food 1.8kg,$12.00,$0.67 / 100G
Fancy Feast Cat Food Gravy Lovers Chicken 85g,$1.60,$1.88 / 100G
Vitapet Jerhigh Milky Sticks 400g,$20.00,$5.00 / 100G
Fancy Feast Cat Food Gravy Lovers Beef 85g,$1.60,$1.88 / 100G
Fancy Feast Adult Gravy Lovers Ocean Whitefish & Tuna Wet Cat Food 85g,$1.60,$1.88 / 100G
V.i.p Chunkers Adult Chilled Fresh Dog Food Lamb & Veges Meatball 1kg,$6.00,$0.60 / 100G
Fancy Feast Adult Delights Turkey & Cheddar Cheese Wet Cat Food 85g,$1.60,$1.88 / 100G
Pedigree Dentastix Large Dog Dental Treat 7 Pack,$6.50,$0.93 / 1EA
Essentials Cat Litter Clay Clumping 4.5kg,$3.50,$0.78 / 1KG
Bow Wow Treat Beef Roo Roll Each,$3.50,$3.50 / 1EA
Vitapet Chewz Chicken Wrapped Rawhide Twist 7 Pack,$10.00,$1.43 / 1EA
V.i.p Chunkers Adult Chilled Fresh Dog Food Chicken&egg Meatballs 1kg,$6.00,$0.60 / 100G
My Dog Fish Sardine & Tuna With Spring Vegetables Dog Food Can 400g,$2.10,$0.53 / 100G
Ultimates Indulge Adult Cat Food Whitemeat Tuna With Salmon 85g,$1.40,$1.65 / 100G
Trill Bird Honey Stick Variety Cockatiels 105g,$3.99,$3.80 / 100G
Vitapet Chicken Muesli Bars 100g,$9.00,$9.00 / 100G
V.i.p Chunkers Adult Chilled Fresh Dog Food Lamb & Veges Meatball 1kg,$6.00,$0.60 / 100G
Pedigree Dentastix Large Dental Dog Treat 28 Pack,$15.50,$0.55 / 1EA
V.i.p Chunkers Adult Chilled Fresh Dog Food Chicken&egg Meatballs 1kg,$6.00,$0.60 / 100G
Essentials Cat Litter Clay Clumping 4.5kg,$3.50,$0.78 / 1KG
Whiskas 1+ Years Wet Cat Food Beef Mince 400g Can,$2.60,$0.65 / 100G
Breeders Choice Paper Cat Litter 24l,$22.00,$0.92 / 1L
Whiskas 1+ Years Wet Cat Food Chicken Mince 400g Can,$2.60,$0.65 / 100G
Pedigree Dentastix Large Dog Dental Treat 7 Pack,$6.50,$0.93 / 1EA
Vitapet Jerhigh Duck Sticks 80g,$6.00,$7.50 / 100G
Smitten Mince Selection Adult Wet Cat Food 12 Pack,$6.00,$0.59 / 100G
Smitten Kitten Selection Wet Cat Food 12 Pack,$6.00,$0.59 / 100G
Supercoat Adult Healthy Weight Chicken Dog Food 6.7kg,$33.00,$0.49 / 100G
Purina One Adult Hairball With Chicken In Gravy Wet Cat Food 70g,$2.30,$3.29 / 100G
Nature's Gift Adult Wet Dog Food Loaf Chicken Vegetables & Rice 700g,$2.45,$0.35 / 100G
"Temptations Mix Ups Cat Nip, Chicken & Cheddar Cat Treats 85g",$4.00,$4.71 / 100G
My Dog Adult Wet Dog Food Chicken & Turkey Banquet Can 400g,$2.10,$0.53 / 100G
Pedigree Puppy Loaf With Chicken & Rice Wet Dog Food Can 700g,$3.50,$0.50 / 100G
"Baxter's Dog Food Casserole Beef, Pasta & Veg 700g",$2.25,$0.32 / 100G
Paws Fresh Adult Chilled Fresh Dog Food Gourmet Chunky Mince 600g,$6.00,$1.00 / 100G
Whiskas Tuna Flavour Favourites In Jelly 85g X24 Pack,$21.00,$1.03 / 100G
Optimum Urinary Care Ocean Fish Chunks In Jelly Wet Cat Food 85g,$2.10,$2.47 / 100G
My Dog Gourmet Beef Loaf Classics Wet Dog Food Can 400g,$2.10,$0.53 / 100G
My Dog Tender Country Lamb & Liver Loaf Classics Wet Dog Food Can 400g,$2.10,$0.53 / 100G
Baxter's Dog Food Casserole Chicken. Rice & Veg 1.2kg,$3.45,$0.29 / 100G
Pedigree Casserole With Beef & Gravy Wet Dog Food Can 1.2kg,$4.00,$0.33 / 100G
V.i.p Gourmet Adult Chilled Fresh Dog Food Roll Premium Chicken 3kg,$9.00,$0.30 / 100G
Optimum Puppy With Chicken Rice & Vegetables Wet Dog Food 100g,$1.80,$1.80 / 100G
"Fancy Feast Adult Royale Broths Tuna, Surimi & Prawns Wet Cat Food 40g",$1.60,$4.00 / 100G
Breeders Choice Paper Cat Litter 24l,$22.00,$0.92 / 1L
"Baxter's Dog Food Casserole Chicken, Rice & Veg 700g",$2.25,$0.32 / 100G
Supercoat Puppy Chicken Dog Food 6.7kg,$33.00,$0.49 / 100G
Purina One Adult Indoor With Chicken In Gravy Wet Cat Food 70g,$2.30,$3.29 / 100G
V.i.p Chunkers Adult Chilled Fresh Dog Food Lamb & Veges Meatball 1kg,$6.00,$0.60 / 100G
Pedigree Dentastix Large Dental Dog Treat 28 Pack,$15.50,$0.55 / 1EA
V.i.p Chunkers Adult Chilled Fresh Dog Food Chicken&egg Meatballs 1kg,$6.00,$0.60 / 100G
Essentials Cat Litter Clay Clumping 4.5kg,$3.50,$0.78 / 1KG
Whiskas 1+ Years Wet Cat Food Beef Mince 400g Can,$2.60,$0.65 / 100G
Breeders Choice Paper Cat Litter 24l,$22.00,$0.92 / 1L
Whiskas 1+ Years Wet Cat Food Chicken Mince 400g Can,$2.60,$0.65 / 100G
Pedigree Dentastix Large Dog Dental Treat 7 Pack,$6.50,$0.93 / 1EA
Fancy Feast Adult Royale Broths Tuna Surimi Whitebait Wet Cat Food 40g,$1.60,$4.00 / 100G
My Dog Tender Chicken & Turkey Loaf Classics Wet Dog Food Can 680g,$4.50,$0.66 / 100G
"Baxter's Dog Food Casserole Lamb, Pasta & Veg 1.2kg",$3.45,$0.29 / 100G
Farmers Market Grain Free Adult Wet Dog Food Chicken Loaf & Carrots & Peas 400g,$3.50,$0.88 / 100G
Vitapet Jerhigh Chicken Tenders For Dogs 100g,$9.00,$9.00 / 100G
Supercoat Adult Healthy Weight Chicken Dog Food 2.6kg,$18.00,$0.69 / 100G
Fancy Feast Kitten Classic Tender Ocean Whitefish Wet Cat Food 85g,$1.60,$1.88 / 100G
Frankie & Friends Wild Bird Sunflower Seed Bell Treat 585g,$6.00,$1.03 / 100G
Ultimates Indulge Adult Cat Food Variety Pack 7x85g,$7.00,$1.18 / 100G
Applaws Cat Food Tuna & Prawn 70g,$1.75,$2.50 / 100G
Supercoat Chicken Dog Food Adult 2.8kg,$18.00,$0.64 / 100G
Pedigree Homestyle With Beef Pasta & Veggies Wet Dog Food Can 1.2kg,$4.00,$0.33 / 100G
Farmers Market Adult Wet Dog Food Chicken Stew Vegetables & Brown Rice 400g,$3.50,$0.88 / 100G
Baxter's Dog Food Loaf Five Meats 1.2kg,$3.45,$0.29 / 100G
Supercoat Adult True Origin Chicken & Duck Dry Dog Food 2.5kg,$24.00,$0.96 / 100G
Purina Supercoat Adult Beef 2.8kg,$18.00,$0.64 / 100G
Pedigree Casserole With Beef & Gravy Wet Dog Food Can 700g,$3.50,$0.50 / 100G
My Dog Puppy Chicken Mince With Rice Carrot & Spinach Dog Food Tray 100g,$1.70,$1.70 / 100G
Fancy Feast Adult Royale Fine Flakes Of Tuna Wet Cat Food 85g,$2.70,$3.18 / 100G
Essentials Cat Litter Clay 15l,$10.00,$0.67 / 1L
Fancy Feast Adult Royale Tuna Banquet With Prawns Wet Cat Food 85g,$2.70,$3.18 / 100G
Purina One Adult Chicken In Gravy Wet Cat Food 70g,$2.30,$3.29 / 100G
My Dog Beef And Veal Loaf Classics Wet Dog Food Can 680g,$4.50,$0.66 / 100G
Pedigree Homestyle With Chicken Rice & Veggies Wet Dog Food Can 700g,$3.50,$0.50 / 100G
V.i.p Chunkers Adult Chilled Fresh Dog Food Lamb & Veges Meatball 1kg,$6.00,$0.60 / 100G
Pedigree Dentastix Large Dental Dog Treat 28 Pack,$15.50,$0.55 / 1EA
V.i.p Chunkers Adult Chilled Fresh Dog Food Chicken&egg Meatballs 1kg,$6.00,$0.60 / 100G
Essentials Cat Litter Clay Clumping 4.5kg,$3.50,$0.78 / 1KG
Whiskas 1+ Years Wet Cat Food Beef Mince 400g Can,$2.60,$0.65 / 100G
Breeders Choice Paper Cat Litter 24l,$22.00,$0.92 / 1L
Whiskas 1+ Years Wet Cat Food Chicken Mince 400g Can,$2.60,$0.65 / 100G
Pedigree Dentastix Large Dog Dental Treat 7 Pack,$6.50,$0.93 / 1EA
Vitapet Kitchen & Bathroom Odour Control Litter 6l,$14.50,$2.42 / 1L
Applaws Cat Food Chicken Breast Tins 70g,$1.75,$2.50 / 100G
"Vip Chunkers With Beef, Peas & Carrot 1kg",$6.00,$0.60 / 100G
Farmers Market Adult Wet Dog Food Roast Beef With Carrots Peas & Chia 100g,$1.60,$1.60 / 100G
Supercoat Adult Small Breed Beef Dog Food 2.8kg,$18.00,$0.64 / 100G
Purina One Adult Ocean Fish In Gravy Wet Cat Food 70g,$2.30,$3.29 / 100G
Dine Melting Soup Tuna & Chicken Wet Cat Food Treat 40g,$1.60,$4.00 / 100G
Pedigree Loaf With Five Kinds Of Meat Wet Dog Food Can 1.2kg,$4.00,$0.33 / 100G
Farmers Market Adult Wet Dog Food Lamb Stew With Vegetables & Brown Rice 400g,$3.50,$0.88 / 100G
Pedigree Homestyle With Lamb Pasta & Veggies Wet Dog Food Can 1.2kg,$4.00,$0.33 / 100G
Pedigree Casserole With Chicken & Gravy Wet Dog Food Can 1.2kg,$4.00,$0.33 / 100G
Nature's Gift Adult Wet Dog Food Casserole With Beef Vegetables & Barley 700g,$2.45,$0.35 / 100G
Trill Mix In Veggies Bird Treat 120g,$3.99,$3.33 / 100G
Farmers Market Adult Wet Dog Food Roasted Chicken With Lentils 100g,$1.60,$1.60 / 100G
Baxter's Adult Fresh Chilled Dog Food Roll Meat With Vegetables 3kg,$6.00,$0.20 / 100G
Trill Mix-in Fruit & Nut Blend 200g,$4.50,$2.25 / 100G
Baxter's Dog Food Puppy Loaf Chicken & Rice 700g,$2.25,$0.32 / 100G
Applaws Cat Food Tuna Fillet Tins 70g,$1.75,$2.50 / 100G
Natures Goodness Grain Free Puppy Chilled Fresh Dog Food Roll Chicken & Vege 680g,$3.25,$0.48 / 100G
Dine Melting Soup Tuna & Salmon Wet Cat Food Treat 40g,$1.60,$4.00 / 100G
Fancy Feast Adult Savory Centers Patè Chicken Gravy Wet Cat Food 85g,$2.20,$2.59 / 100G
Trill Toppers Bird Treat 112g,$3.70,$3.30 / 100G
Supercoat Adult True Origin Salmon & Ocean Fish Dry Dog Food 2.5kg,$24.00,$0.96 / 100G
Farmers Market Adult Wet Dog Food Tender Lamb With Julienne Carrots & Beans 100g,$1.60,$1.60 / 100G
V.i.p Chunkers Adult Chilled Fresh Dog Food Lamb & Veges Meatball 1kg,$6.00,$0.60 / 100G
Pedigree Dentastix Large Dental Dog Treat 28 Pack,$15.50,$0.55 / 1EA
V.i.p Chunkers Adult Chilled Fresh Dog Food Chicken&egg Meatballs 1kg,$6.00,$0.60 / 100G
Essentials Cat Litter Clay Clumping 4.5kg,$3.50,$0.78 / 1KG
Whiskas 1+ Years Wet Cat Food Beef Mince 400g Can,$2.60,$0.65 / 100G
Breeders Choice Paper Cat Litter 24l,$22.00,$0.92 / 1L
Whiskas 1+ Years Wet Cat Food Chicken Mince 400g Can,$2.60,$0.65 / 100G
Pedigree Dentastix Large Dog Dental Treat 7 Pack,$6.50,$0.93 / 1EA
Optimum Adult With Chicken & Rice Wet Dog Food 100g,$1.80,$1.80 / 100G
Purina One Adult Mature 7+ With Chicken In Gravy Wet Cat Food 70g,$2.30,$3.29 / 100G
Trill Bird Millet Sprays 150g,$6.50,$4.33 / 100G
Applaws Cat Food Tuna & Seaweed 70g,$1.75,$2.50 / 100G
Baxter's Puppy Milk 1l,$3.30,$0.33 / 100ML
Supercoat Puppy With Chicken 2.6kg,$18.00,$0.69 / 100G
Optimum Adult With Salmon & Rice Wet Dog Food 100g,$1.80,$1.80 / 100G
Optimum Adult With Lamb & Rice Wet Dog Food Tray 100g,$1.80,$1.80 / 100G
Trill Canary & Finch Mix 1.8kg,$6.00,$0.33 / 100G
Ultimates Indulge Lamb Mince / Beef Mince With Gravy 12x100g,$13.00,$1.08 / 100G
Dine Creamy Treats Chicken Flavour Cat Treat 4 Pack,$3.20,$6.67 / 100G
Supercoat Senior With Fish Dog Food 2.6kg,$18.00,$0.69 / 100G
"Baxter's Dog Food Casserole Lamb, Pasta & Veg 700g",$2.25,$0.32 / 100G
Fancy Feast Adult Medleys Tuna Tuscany Savory Sauce Wet Cat Food 85g,$2.30,$2.71 / 100G
Pretty Wild Cat Food Creamy Salmon & Chicken Puree 15g X 4 Pack,$3.00,$5.00 / 100G
Dine Saucy Morsels With Tuna Mornay & Cheese Wet Cat Food Tray 85g,$1.40,$1.65 / 100G
Optimum Grain Free Kangaroo & Vegetables Wet Dog Food Tray 100g,$1.80,$1.80 / 100G
Dine Desire Pure Tuna Whitemeat Grain Free Wet Cat Food Can 85g,$2.30,$2.71 / 100G
Dine Fine Flakes Tuna & Whitefish Wet Cat Food 35g,$1.60,$4.57 / 100G
Apollo Dog Food Puppy Delicate Chicken 100g,$1.10,$1.10 / 100G
Apollo Adult Dog Food Gourmet Beef 100g,$1.10,$1.10 / 100G
Optimum Puppy With Chicken Rice & Vegetables Wet Dog Food 700g,$5.00,$0.71 / 100G
Baxter's Adult Fresh Chilled Dog Food Roll Chicken With Rice 3kg,$6.00,$0.20 / 100G
V.i.p Chunkers Adult Chilled Fresh Dog Food Lamb & Veges Meatball 1kg,$6.00,$0.60 / 100G
Pedigree Dentastix Large Dental Dog Treat 28 Pack,$15.50,$0.55 / 1EA
V.i.p Chunkers Adult Chilled Fresh Dog Food Chicken&egg Meatballs 1kg,$6.00,$0.60 / 100G
Essentials Cat Litter Clay Clumping 4.5kg,$3.50,$0.78 / 1KG
Whiskas 1+ Years Wet Cat Food Beef Mince 400g Can,$2.60,$0.65 / 100G
Breeders Choice Paper Cat Litter 24l,$22.00,$0.92 / 1L
Whiskas 1+ Years Wet Cat Food Chicken Mince 400g Can,$2.60,$0.65 / 100G
Pedigree Dentastix Large Dog Dental Treat 7 Pack,$6.50,$0.93 / 1EA
Vitapet Rawhide Barrels Filled With Chicken Liver 400g,$19.50,$4.88 / 100G
Nature's Gift Adult Wet Dog Food Casserole With Kangaroo & Vegetables 700g,$2.45,$0.35 / 100G
Dine Slices With Succulent Chicken Wet Cat Food Tray 85g,$1.40,$1.65 / 100G
Regal Easy Pet Pots Vita-mince Chicken & Roo 90g X8 Pack,$6.75,$0.94 / 100G
Fancy Feast Adult Medleys Chicken Tuscany Savory Sauce Wet Cat Food 85g,$2.30,$2.71 / 100G
Smitten Recycled Paper Cat Litter 10l,$12.00,$1.20 / 1L
Apollo Dog Food Succulent Chicken 100g,$1.10,$1.10 / 100G
Ultimates Indulge Natural Chicken 1kg,$6.00,$0.60 / 100G
Fussy Cat Grain Free Adult Chilled Fresh Cat Food Prime Steak Mince 90g X5 Pack,$6.50,$1.44 / 100G
Farmers Market Adult Chilled Fresh Dog Food Homestyle Shreds Real Beef 250g,$5.00,$2.00 / 100G
Nature's Gift Adult Chilled Fresh Dog Food Roll With Beef Peas Carrots 200g,$1.88,$0.94 / 100G
Dine Wet Cat Food Cuts In Gravy With Lamb Tray 85g,$1.40,$1.65 / 100G
Pretty Wild Cat Food Chicken Salmon Shredded 80g,$2.00,$2.50 / 100G
Pedigree Dentastix Medium Dental Dog Treat 7 Pack,$6.50,$0.93 / 1EA
My Dog Tasty Kangaroo Loaf Classics Wet Dog Food Tray 100g,$1.70,$1.70 / 100G
Supercoat Adult Sensitive Dog Food 2.6kg,$18.00,$0.69 / 100G
Pretty Wild Cat Food Shredded Chicken & Tuna 80g,$2.00,$2.50 / 100G
Pedigree Dentastix Large Dental Dog Treat 28 Pack,$15.50,$0.55 / 1EA
Paws Fresh Adult Chilled Fresh Dog Food Diced Tender Chicken 600g,$6.00,$1.00 / 100G
Nature's Gift Adult Chilled Fresh Dog Food Roll With Chicken & Vegetables 200g,$1.88,$0.94 / 100G
Dine Wet Cat Food Slices With Succulent Chicken Tray 7 Pack,$9.00,$1.51 / 100G
Baxter's Dog Food Loaf Five Meats 700g,$2.25,$0.32 / 100G
Ultimates Indulge Dry Dog Food Natural Beef 1kg,$6.00,$0.60 / 100G
My Dog Chicken Supreme Loaf Classics Wet Dog Food Trays 100g X6 Pack,$9.50,$1.58 / 100G
V.i.p Chunkers Adult Chilled Fresh Dog Food Lamb & Veges Meatball 1kg,$6.00,$0.60 / 100G
Pedigree Dentastix Large Dental Dog Treat 28 Pack,$15.50,$0.55 / 1EA
V.i.p Chunkers Adult Chilled Fresh Dog Food Chicken&egg Meatballs 1kg,$6.00,$0.60 / 100G
Essentials Cat Litter Clay Clumping 4.5kg,$3.50,$0.78 / 1KG
Whiskas 1+ Years Wet Cat Food Beef Mince 400g Can,$2.60,$0.65 / 100G
Breeders Choice Paper Cat Litter 24l,$22.00,$0.92 / 1L
Whiskas 1+ Years Wet Cat Food Chicken Mince 400g Can,$2.60,$0.65 / 100G
Pedigree Dentastix Large Dog Dental Treat 7 Pack,$6.50,$0.93 / 1EA
My Dog Lamb With Vegetables & Toppings Wet Dog Food Tray 100g,$1.70,$1.70 / 100G
Baxter's Chicken Straps Adult Dog Treat 180g,$2.30,$1.28 / 100G
Nature's Gift Adult Wet Dog Food Loaf With Kangaroo & Vegetable 700g,$2.45,$0.35 / 100G
"Felix Meat Menus In Jelly Cat Food Chicken, Beef & Lamb 24 Pack",$21.50,$1.05 / 100G
My Dog Chicken Supreme Loaf Classics Wet Dog Food Tray 100g,$1.70,$1.70 / 100G
Baxter's Basted Rawhide Chews Real Kangaroo 100g,$3.80,$3.80 / 100G
Love 'em Dog Treats Puppy Rewards 200g,$5.60,$2.80 / 100G
Chum Adult Dog Food 3 Meats 1.2kg,$4.00,$0.33 / 100G
Dine Creamy Treats Tuna & Salmon Flavour Cat Treat 4 Pack,$3.20,$6.67 / 100G
"Felix Ocean Menus In Jelly Cat Food Tuna, Salmon And Sardine 24 Pack",$21.50,$1.05 / 100G
Smitten Natural Cat Litter 4kg,$17.00,$4.25 / 1KG
Purina One Urinary Care With Chicken 1+ Years Dry Cat Food 1.4kg,$20.00,$1.43 / 100G
Pretty Wild Cat Food Chicken Mackerel Shredded 80g,$2.00,$2.50 / 100G
"Fussy Cat Grain Free Adult Wet Cat Food Chicken, Tuna & Salmon Gravy 400g",$2.75,$0.69 / 100G
Applaws Cat Food Tins: Ocean Fish 70g,$1.75,$2.50 / 100G
Dine Saucy Morsels With Tuna Mornay & Cheese Wet Cat Food Tray 7 Pack,$9.00,$1.51 / 100G
Nature's Gift Adult Wet Dog Food Loaf Lamb Recipe With Vegetables & Pasta 700g,$2.45,$0.35 / 100G
V.i.p Paws Fresh Adult Chilled Fresh Dog & Cat Food Lean Mince 3kg,$17.00,$0.57 / 100G
My Dog Chicken Supreme With Cheese & Toppings Wet Dog Food Tray 100g,$1.70,$1.70 / 100G
My Dog Lamb Loaf Classics Wet Dog Food Trays 100g X6 Pack,$9.50,$1.58 / 100G
Pretty Wild Cat Food Creamy Tuna Puree 15g X 4 Pack,$3.00,$5.00 / 100G
Premi-yum Free Range Chicken Mince For Pets 2kg,$11.00,$0.55 / 100G
Fancy Feast Adult Savory Centers Patè Salmon Gravy Wet Cat Food 85g,$2.20,$2.59 / 100G
Rufus & Coco Elasticised Litter Tray Liners 8 Pack,$12.00,$1.50 / 1EA
V.i.p Chunkers Adult Chilled Fresh Dog Food Lamb & Veges Meatball 1kg,$6.00,$0.60 / 100G
Pedigree Dentastix Large Dental Dog Treat 28 Pack,$15.50,$0.55 / 1EA
V.i.p Chunkers Adult Chilled Fresh Dog Food Chicken&egg Meatballs 1kg,$6.00,$0.60 / 100G
Essentials Cat Litter Clay Clumping 4.5kg,$3.50,$0.78 / 1KG
Whiskas 1+ Years Wet Cat Food Beef Mince 400g Can,$2.60,$0.65 / 100G
Breeders Choice Paper Cat Litter 24l,$22.00,$0.92 / 1L
Whiskas 1+ Years Wet Cat Food Chicken Mince 400g Can,$2.60,$0.65 / 100G
Pedigree Dentastix Large Dog Dental Treat 7 Pack,$6.50,$0.93 / 1EA
"Fancy Feast Adult Tuna, Prawn, Mackerel & Crab Flavour Dry Cat Food 450g",$7.00,$1.56 / 100G
Baxter's Dog Food Beef & Vegetables 8kg,$17.00,$0.21 / 100G
"Baxter's Dog Food Loaf Chicken, Turkey & Veg 700g",$2.25,$0.32 / 100G
Lucky Dog Adult Bones Original Dog Treats 800g,$8.00,$1.00 / 100G
Dine Saucy Morsels With Salmon Wet Cat Food Tray 85g,$1.40,$1.65 / 100G
Dine Fine Flakes Tuna & Prawns Wet Cat Food Pouch 35g,$1.60,$4.57 / 100G
Optimum Adult Wet Dog Food Beef & Rice Can 700g,$5.00,$0.71 / 100G
Apollo Dog Food Traditional Lamb 100g,$1.10,$1.10 / 100G
Pedigree Adult With Real Beef Dry Dog Food 3kg,$9.75,$0.33 / 100G
Applaws Cat Food Pouch: Tuna Wholemeat 70g,$1.75,$2.50 / 100G
Trill Food Pellets Small Birds 600g,$10.00,$1.67 / 100G
Fussy Cat Grain Free Adult Wet Cat Food Chicken & Turkey & Cranberry 400g,$2.75,$0.69 / 100G
Bow Wow Treat Pigs Ear Each,$3.00,$3.00 / 1EA
Pets Own Dog & Puppy Milk 1l,$4.25,$0.43 / 100ML
Fancy Feast Medleys Tuna Florentine Delicate Sauce Wet Cat Food 85g,$2.30,$2.71 / 100G
Applaws Adult Cat Food Natural Treat Tuna Loin Plain 30g,$2.80,$9.33 / 100G
Fancy Feast Medleys Salmon Florentine Delicate Sauce Wet Cat Food 85g,$2.30,$2.71 / 100G
Nature's Gift Adult Wet Dog Food Loaf Chicken Duck & Vegetables 700g,$2.45,$0.35 / 100G
Chum Adult Dog Food Beef & Kidney 1.2kg,$4.00,$0.33 / 100G
Fancy Feast Medleys White Meat Chicken Delicate Sauce 85g,$2.30,$2.71 / 100G
Nature's Gift Adult Chilled Fresh Dog Food Roll Chicken Vegetables & Rice 1.4kg,$6.00,$0.43 / 100G
Apollo Dog Food Senior Chicken & Turkey 100g,$1.10,$1.10 / 100G
Rufus & Coco Do Good Poo Bags 4 Rolls,$7.00,$7.00 / 1EA
Vitarapid Tranquil Daily Dog Treat 210g,$14.00,$6.67 / 100G
V.i.p Chunkers Adult Chilled Fresh Dog Food Lamb & Veges Meatball 1kg,$6.00,$0.60 / 100G
Pedigree Dentastix Large Dental Dog Treat 28 Pack,$15.50,$0.55 / 1EA
V.i.p Chunkers Adult Chilled Fresh Dog Food Chicken&egg Meatballs 1kg,$6.00,$0.60 / 100G
Essentials Cat Litter Clay Clumping 4.5kg,$3.50,$0.78 / 1KG
Whiskas 1+ Years Wet Cat Food Beef Mince 400g Can,$2.60,$0.65 / 100G
Breeders Choice Paper Cat Litter 24l,$22.00,$0.92 / 1L
Whiskas 1+ Years Wet Cat Food Chicken Mince 400g Can,$2.60,$0.65 / 100G
Pedigree Dentastix Large Dog Dental Treat 7 Pack,$6.50,$0.93 / 1EA
Chandler Cat Litter Original 7l,$8.00,$1.14 / 1L
Exelpet Ezy-dose Dog Treatment Intestinal All Wormer 4 Pack,$22.50,$5.63 / 1EA
Fancy Feast Adult Savory Centers Patè Tuna Gravy Wet Cat Food 85g,$2.20,$2.59 / 100G
Frankie & Friends Wild Bird Seed Blend 5kg,$9.95,$0.20 / 100G
Purina One Urinary Care With Chicken 1+ Years Dry Cat Food 2.8kg,$32.00,$1.14 / 100G
Chum Adult Dog Food Lamb 1.2kg,$4.00,$0.33 / 100G
Felix Sensations Jellies Meat Selection Cat Food 24 Pack,$21.50,$1.05 / 100G
Pedigree Dentastix Small Dog Dental Treat 7 Pack,$6.50,$0.93 / 1EA
Chum Dog Food Chicken 1.2kg,$4.00,$0.33 / 100G
Bow Wow Peamutt Butter Roll Dog Treat Each,$3.50,$3.50 / 1EA
Dine Desire Succulent Chicken Grain Free Wet Cat Food Can 85g,$2.30,$2.71 / 100G
Dine Creamy Treats Tuna Flavour Cat Treat 4 Pack,$3.20,$6.67 / 100G
Applaws Cat Food Pouch: Tuna & Salmon 70g,$1.75,$2.50 / 100G
Dine Saucy Morsels Wet Cat Food Salmon Tray 7 Pack,$9.00,$1.51 / 100G
Catlux Litter Light Clumping 6l,$9.00,$1.50 / 1L
Bow Wow Pigs Ears 5 Pack,$14.00,$2.80 / 1EA
Pedigree Puppy With Chicken & Rice Dry Dog Food 2.5kg,$9.75,$0.39 / 100G
Bow Wow Grain Free Supersnacks Chicken Sweet Potato Carrot & Pumpkin 5 Pack,$5.00,$1.00 / 1EA
Felix Sensations Jellies Fish Selection Cat Food 24 Pack,$21.50,$1.05 / 100G
Apollo Adult Dog Food Tasty Chicken & Cheese 100g,$1.10,$1.10 / 100G
Dine Creamy Treats Prawn & Tuna 4 Pack,$3.20,$6.67 / 100G
My Dog Chicken Supreme With Cheese Wet Dog Food 6 Pack,$9.50,$1.58 / 100G
My Dog Gourmet Beef Loaf Classics Wet Dog Food Tray 100g,$1.70,$1.70 / 100G
Dine Desire Tuna & Prawn In Sauce Grain Free Wet Cat Food 85g,$2.30,$2.71 / 100G
V.i.p Chunkers Adult Chilled Fresh Dog Food Lamb & Veges Meatball 1kg,$6.00,$0.60 / 100G
Pedigree Dentastix Large Dental Dog Treat 28 Pack,$15.50,$0.55 / 1EA
V.i.p Chunkers Adult Chilled Fresh Dog Food Chicken&egg Meatballs 1kg,$6.00,$0.60 / 100G
Essentials Cat Litter Clay Clumping 4.5kg,$3.50,$0.78 / 1KG
Whiskas 1+ Years Wet Cat Food Beef Mince 400g Can,$2.60,$0.65 / 100G
Breeders Choice Paper Cat Litter 24l,$22.00,$0.92 / 1L
Whiskas 1+ Years Wet Cat Food Chicken Mince 400g Can,$2.60,$0.65 / 100G
Pedigree Dentastix Large Dog Dental Treat 7 Pack,$6.50,$0.93 / 1EA
Vip Paws Adult Chilled Fresh Dog & Cat Food Mince 1kg,$7.00,$0.70 / 100G
Purina One Kitten Chicken In Gravy Wet Cat Food 70g,$2.30,$3.29 / 100G
Fussy Cat Grain Free Adult Dry Cat Food Chicken & Oceanfish Indoor Cat 500g,$4.55,$0.91 / 100G
Frankie & Friends Budgie & Canary Bird Seed Mix 2kg,$5.00,$0.25 / 100G
Schmackos Puppy Strapz Chicken & Milk Flavour 200g,$7.50,$3.75 / 100G
My Dog Adult 7+ Turkey And Rice Topped With Vegetables 100g,$1.70,$1.70 / 100G
Dine Desire Flaked Tuna & Shredded Crab Grain Free Wet Cat Food 85g,$2.30,$2.71 / 100G
Baxter's Straps Beef 500g,$6.00,$1.20 / 100G
Dine Desire Tuna With Meat Snapper Grain Free Wet Cat Food Can 85g,$2.30,$2.71 / 100G
Pedigree 5 Meats Wet Dog Food 700g,$3.50,$0.50 / 100G
"Fancy Feast Adult Chicken, Turkey & Vege Flavour Dry Cat Food 450g",$7.00,$1.56 / 100G
Love 'em Grain Free Dog Treats Lamb Jerky With Rosemary Flavour 200g,$5.60,$2.80 / 100G
Felix Adult Sensations Sauces Meat Selection Wet Cat Food 85g X12 Pack,$14.50,$1.42 / 100G
Pretty Wild Cat Food Salmon Risotto 80g,$2.00,$2.50 / 100G
Natures Goodness Grain Free Adult Wet Dog Food Chicken & Duck With Veges 400g,$3.00,$0.75 / 100G
My Dog Gourmet Beef Loaf Classics Wet Dog Food Trays 100g X6 Pack,$9.50,$1.58 / 100G
Supercoat Active Chicken With Beef Large Breed Dog Food 7kg,$33.00,$0.47 / 100G
Nature's Gift Adult Wet Dog Food Loaf Chicken Vegetables & Rice 1.2kg,$4.50,$0.38 / 100G
Scotch-brite Pet Hair Lint Roller Each,$8.50,$8.50 / 1EA
Friskies Adult Indoor Delights Dry Cat Food 1kg,$8.00,$0.80 / 100G
Nature's Gift Adult Wet Dog Food Loaf Lamb With Beef Vegetables & Barley 700g,$2.45,$0.35 / 100G
My Dog Fillets In Gravy With Succulent Beef Wet Dog Food 100g,$1.70,$1.70 / 100G
VitaPet JerHigh Chicken Sticks 400g,$19.75,$4.94 / 100G
"Baxter's Dog Food Senior Cass Beef, Pasta & Vege 700g",$2.25,$0.32 / 100G
V.i.p Chunkers Adult Chilled Fresh Dog Food Lamb & Veges Meatball 1kg,$6.00,$0.60 / 100G
Pedigree Dentastix Large Dental Dog Treat 28 Pack,$15.50,$0.55 / 1EA
V.i.p Chunkers Adult Chilled Fresh Dog Food Chicken&egg Meatballs 1kg,$6.00,$0.60 / 100G
Essentials Cat Litter Clay Clumping 4.5kg,$3.50,$0.78 / 1KG
Whiskas 1+ Years Wet Cat Food Beef Mince 400g Can,$2.60,$0.65 / 100G
Breeders Choice Paper Cat Litter 24l,$22.00,$0.92 / 1L
Whiskas 1+ Years Wet Cat Food Chicken Mince 400g Can,$2.60,$0.65 / 100G
Pedigree Dentastix Large Dog Dental Treat 7 Pack,$6.50,$0.93 / 1EA
Dine Creamy Treats Mixed Seafood 4 Pack,$3.20,$6.67 / 100G
Fussy Cat Grain Free Adult Dry Cat Food Salmon Whitefish & Olive Oil 500g,$4.55,$0.91 / 100G
Dine Beef & Liver In Gravy Wet Cat Food 85g,$1.40,$1.65 / 100G
Friskies Adult Indoor Delights Dry Cat Food 2.5kg,$15.50,$0.62 / 100G
Pretty Wild Cat Food Grilled Chicken 25g,$2.70,$10.80 / 100G
Optimum Chicken Rice & Vegetables Wet Puppy Food 6 Pack,$8.00,$1.33 / 100G
Nature's Gift Adult Wet Dog Food Casserole With Lamb Vegetables & Barley 1.2kg,$4.50,$0.38 / 100G
My Dog Lamb Loaf Classics Wet Dog Food Tray 100g,$1.70,$1.70 / 100G
My Dog Shredded Meals Chicken Wet Dog Food 100g,$1.80,$1.80 / 100G
Optimum Light & Healthy With Chicken & Rice Wet Dog Food 680g,$5.00,$0.74 / 100G
Pedigree Adult With Real Beef Dry Dog Food 8kg,$31.00,$0.39 / 100G
"Natures Goodness Grain Free Adult Wet Dog Food Kangaroo, Sweet Potato & Beans 400g",$3.00,$0.75 / 100G
Natures Goodness Grain Free Mature Chilled Fresh Dog Food Roll Turkey 2.15kg,$7.20,$0.33 / 100G
Dine Wet Cat Food Cuts In Gravy With Beef & Liver Tray 7 Pack,$9.00,$1.51 / 100G
Applaws Cat Pot Tuna & Crab 60g,$2.30,$3.83 / 100G
"My Dog Roast Chicken Flavour, Veges, Cheddar & Bacon Dry Food 1.5kg",$13.00,$0.87 / 100G
"Fancy Feast Adult Beef, Salmon & Cheese Flavour Dry Cat Food 450g",$7.00,$1.56 / 100G
"Lucky Dog Adult Minis Minced Beef, Vege & Pasta Dry Dog Food 3kg",$11.00,$0.37 / 100G
Friskies Adult Seafood Sensations Dry Cat Food 1kg,$8.00,$0.80 / 100G
Applaws Cat Food Pouch: Tuna & Mackerel 70g,$1.75,$2.50 / 100G
Natures Goodness Grain Free Adult Wet Dog Food Beef Stew Carrots & Potatoes 400g,$3.00,$0.75 / 100G
Total Care Cat Litter Scoop Scoop Each,$4.90,$4.90 / 1EA
Pretty Wild Cat Food Chicken Risotto 80g,$2.00,$2.50 / 100G
Pretty Wild Cat Food Shrimp Risotto 80g,$2.00,$2.50 / 100G
V.i.p Chunkers Adult Chilled Fresh Dog Food Lamb & Veges Meatball 1kg,$6.00,$0.60 / 100G
Pedigree Dentastix Large Dental Dog Treat 28 Pack,$15.50,$0.55 / 1EA
V.i.p Chunkers Adult Chilled Fresh Dog Food Chicken&egg Meatballs 1kg,$6.00,$0.60 / 100G
Essentials Cat Litter Clay Clumping 4.5kg,$3.50,$0.78 / 1KG
Whiskas 1+ Years Wet Cat Food Beef Mince 400g Can,$2.60,$0.65 / 100G
Breeders Choice Paper Cat Litter 24l,$22.00,$0.92 / 1L
Whiskas 1+ Years Wet Cat Food Chicken Mince 400g Can,$2.60,$0.65 / 100G
Pedigree Dentastix Large Dog Dental Treat 7 Pack,$6.50,$0.93 / 1EA
Baxter's Puppy Mini Bones 200g,$4.00,$2.00 / 100G
Dine Wet Cat Food Classic Terrine With Chicken Tray 7 Pack,$9.00,$1.51 / 100G
Fussy Cat Grain Free Adult Chilled Fresh Cat Food Steak Mince & Chicken 90g X5 Pack,$6.50,$1.44 / 100G
V.i.p Mega Adult Chilled Fresh Dog Food Roll Beef 3kg,$9.00,$0.30 / 100G
Vitarapid Joint Care Daily Dog Treat 210g,$14.00,$6.67 / 100G
Dine Fresh & Fine Gravy Salmon & Tuna 50g X 6 Pack,$6.00,$2.00 / 100G
"Lucky Dog Adult Minced Beef, Vegetable & Marrowbone Dry Dog Food 3kg",$11.00,$0.37 / 100G
Natures Goodness Grain Free Adult Wet Dog Food Tender Lamb & Rosemary & Veges 400g,$3.00,$0.75 / 100G
Breeders Choice Paper Cat Litter 6l,$9.00,$1.50 / 1L
Dine Saucy Morsels Wet Cat Food Ocean Fish Tray 7 Pack,$9.00,$1.51 / 100G
Felix Adult Sensations Jellies Fish Selection Wet Cat Food 85g X12 Pack,$14.50,$1.42 / 100G
Fussy Cat Grain Free Adult Chilled Fresh Cat Food Fine Mince & Chicken 70g,$2.50,$3.57 / 100G
Fresh Pet Food Co Kangaroo Meaty Bones 550g,$7.00,$1.27 / 100G
Applaws Cat Pot Tuna & Calamari 60g,$2.30,$3.83 / 100G
Dine Fresh & Fine In Gravy With Chicken / With Turkey 50g X 6 Pack,$6.00,$2.00 / 100G
Nature's Gift Dog Treats Mini Treats Beef Liver 130g,$2.80,$2.15 / 100G
Rufus & Coco Wee Away Pet Training Odour Control 250ml,$16.00,$6.40 / 100ML
Scotch-brite Pet Hair Lint Roller Refill 56 Sheets,$8.00,$8.00 / 1EA
Catsan Cat Litter Ultra 7kg,$21.00,$3.00 / 1KG
Love 'em Grain Free Dog Treats Beef Jerky With Tomato 200g,$5.60,$2.80 / 100G
Nature's Gift Dog Treats Mini Treats Kangaroo 130g,$2.80,$2.15 / 100G
Breeders Choice Paper Cat Litter 15l,$20.00,$1.33 / 1L
Purina One Healthy Adult With Salmon & Tuna 1+ Years Dry Cat Food 1.5kg,$20.00,$1.33 / 100G
Frankie & Friends Large Parrot & Wildbird Bird Seed Mix 2kg,$5.00,$0.25 / 100G
V.i.p Chunkers Adult Chilled Fresh Dog Food Lamb & Veges Meatball 1kg,$6.00,$0.60 / 100G
Pedigree Dentastix Large Dental Dog Treat 28 Pack,$15.50,$0.55 / 1EA
V.i.p Chunkers Adult Chilled Fresh Dog Food Chicken&egg Meatballs 1kg,$6.00,$0.60 / 100G
Essentials Cat Litter Clay Clumping 4.5kg,$3.50,$0.78 / 1KG
Whiskas 1+ Years Wet Cat Food Beef Mince 400g Can,$2.60,$0.65 / 100G
Breeders Choice Paper Cat Litter 24l,$22.00,$0.92 / 1L
Whiskas 1+ Years Wet Cat Food Chicken Mince 400g Can,$2.60,$0.65 / 100G
Pedigree Dentastix Large Dog Dental Treat 7 Pack,$6.50,$0.93 / 1EA
Supercoat Small Breed Dog Food Chicken 2.8kg,$18.00,$0.64 / 100G
Friskies Adult Seafood Sensations Dry Cat Food 2.5kg,$15.50,$0.62 / 100G
Dine Pulled Menu Gravy Indulgence With Chicken 85g,$1.60,$1.88 / 100G
Fussy Cat Grain Free Adult Dry Cat Food Chicken &turkey With Cranberry 500g,$4.55,$0.91 / 100G
Optimum Adult With Lamb & Rice Wet Dog Food 700g,$5.00,$0.71 / 100G
Pretty Wild Simply Shredded Turkey & Duck Dog Food 158g,$2.40,$1.52 / 100G
Love 'em Dog Treats Beef Liver 90g,$7.00,$7.78 / 100G
Felix Adult Sensations Jellies Favourites Menu Wet Cat Food 85g X12 Pack,$14.50,$1.42 / 100G
Nature's Gift Adult Wet Dog Food Casserole With Kangaroo & Vegetables 1.2kg,$4.50,$0.38 / 100G
Nature's Gift Chilled Fresh Dog Food Meatballs With Chicken 700g,$6.00,$0.86 / 100G
Breeders Choice Cat Litter With Odour Eating Probiotics 9l,$15.00,$1.67 / 1L
My Dog Beef And Liver Loaf Classics Wet Dog Food Trays 100g X6 Pack,$9.50,$1.58 / 100G
Natures Goodness Grain Free Adult Chilled Fresh Dog Food Roll Roast Meat 2.15kg,$7.20,$0.33 / 100G
Vip Paws Adult Chilled Fresh Dog & Cat Food Chicken Mince 1kg,$7.00,$7.00 / 1KG
Nature's Gift Adult Chilled Fresh Dog Food Roll With Kangaroo Peas Sweet 1.4kg,$6.00,$0.43 / 100G
Fresh Pet Food Co Pets Mince 1kg,$6.50,$0.65 / 100G
Friskies Adult Meaty Grills Dry Cat Food 2.5kg,$15.50,$0.62 / 100G
Pet Munchies Rabbit & Guinea Pig Treats 300g,$2.00,$0.67 / 100G
Frankie & Friends Small Parrot & Wildbird Bird Seed Mix 2kg,$5.00,$0.25 / 100G
Optimum Puppy With Chicken Dry Dog Food 3kg,$22.00,$0.73 / 100G
My Dog Shredded Meals Beef Wet Dog Food 100g,$1.80,$1.80 / 100G
Friskies Adult Meaty Grills Dry Cat Food 1kg,$8.00,$0.80 / 100G
Fussy Cat Grain Free Cunchers Adult Cat Treats Chicken 100g,$3.30,$3.30 / 100G
Optimum Furball With Chicken 1+ Years Dry Cat Food 800g,$12.00,$1.50 / 100G
V.i.p Chunkers Adult Chilled Fresh Dog Food Lamb & Veges Meatball 1kg,$6.00,$0.60 / 100G
Pedigree Dentastix Large Dental Dog Treat 28 Pack,$15.50,$0.55 / 1EA
V.i.p Chunkers Adult Chilled Fresh Dog Food Chicken&egg Meatballs 1kg,$6.00,$0.60 / 100G
Essentials Cat Litter Clay Clumping 4.5kg,$3.50,$0.78 / 1KG
Whiskas 1+ Years Wet Cat Food Beef Mince 400g Can,$2.60,$0.65 / 100G
Breeders Choice Paper Cat Litter 24l,$22.00,$0.92 / 1L
Whiskas 1+ Years Wet Cat Food Chicken Mince 400g Can,$2.60,$0.65 / 100G
Pedigree Dentastix Large Dog Dental Treat 7 Pack,$6.50,$0.93 / 1EA
Pedigree Adult With Chicken Dry Dog Food 8kg,$31.00,$0.39 / 100G
Peters Alfalfa & Fruit Rabbit & Guinea Pig Food 2kg,$7.50,$0.38 / 100G
Regal Vita Mince Chicken With Salmon & Tumeric Pet Food 8 X90g,$6.75,$0.94 / 100G
Vitapet Pet Training Pee Pads 7 Pack,$11.00,$11.00 / 1EA
Applaws Taste Toppers In Broth Chicken Breast 156g,$2.50,$1.60 / 100G
My Dog Fillets In Gravy With Succulent Beef Wet Dog Food 6 Packx100g,$9.50,$1.58 / 100G
Peters Rabbit & Guinea Pig Pasture Hay 1kg,$9.80,$0.98 / 100G
Baxter's Straps Beef 250g,$2.90,$1.16 / 100G
Optimum Small Breed With Chicken Vegetables & Rice Dry Dog Food 3kg,$22.00,$0.73 / 100G
My Dog Chicken Supreme Meaty Loaf Wet Dog Food 24 Pack,$27.00,$1.13 / 100G
Pretty Wild Dog Food Turkey & Duck Shreds In Gravy 100g,$2.00,$2.00 / 100G
Fussy Cat Grain Free Crunchers Adult Cat Treats With Kangaroo 100g,$3.30,$3.30 / 100G
4 Legs Chicken With Vegetables Dog Meatballs 870g,$7.80,$0.90 / 100G
Fussy Cat Grain Free Crunchers Adult Cat Treats With Beef & Liver 100g,$3.30,$3.30 / 100G
Pretty Wild Cat Food Chicken & Smoked Fish 25g,$2.70,$10.80 / 100G
Applaws Taste Toppers In Broth Chicken Breast With Vegetables 156g,$2.50,$1.60 / 100G
Pretty Wild Dog Food Chicken Shreds In Gravy 100g,$2.00,$2.00 / 100G
Baxter's Straps Kangaroo 500g,$6.00,$1.20 / 100G
Fussy Cat Grain Free Adult Dry Cat Food Salmon Whitefish & Olive Oil 2.5kg,$26.50,$1.06 / 100G
Optimum Chicken & Rice Wet Dog Food 6 Pack,$8.00,$1.33 / 100G
Pretty Wild Dog Food Chicken Shreds On Pate 158g,$2.40,$1.52 / 100G
Purina One Coat & Hairball With Chicken 1+ Years 1.4kg,$20.00,$1.43 / 100G
Fussy Cat Grain Free Adult Dry Cat Food Beef & Kangaroo & Sweet Potato 500g,$4.55,$0.91 / 100G
Fussy Cat Grain Free Crunchers Adult Cat Treats With Fish 100g,$3.30,$3.30 / 100G
V.i.p Chunkers Adult Chilled Fresh Dog Food Lamb & Veges Meatball 1kg,$6.00,$0.60 / 100G
Pedigree Dentastix Large Dental Dog Treat 28 Pack,$15.50,$0.55 / 1EA
V.i.p Chunkers Adult Chilled Fresh Dog Food Chicken&egg Meatballs 1kg,$6.00,$0.60 / 100G
Essentials Cat Litter Clay Clumping 4.5kg,$3.50,$0.78 / 1KG
Whiskas 1+ Years Wet Cat Food Beef Mince 400g Can,$2.60,$0.65 / 100G
Breeders Choice Paper Cat Litter 24l,$22.00,$0.92 / 1L
Whiskas 1+ Years Wet Cat Food Chicken Mince 400g Can,$2.60,$0.65 / 100G
Pedigree Dentastix Large Dog Dental Treat 7 Pack,$6.50,$0.93 / 1EA
My Dog Gourmet Beef With Roast Vegetables Flavours Dry Food 1.5kg,$13.00,$0.87 / 100G
Dine Classic Collection In Gravy Succulent Selection 85g X12 Pack,$15.00,$1.47 / 100G
Applaws Cat Pot Chicken & Duck 60g,$2.30,$3.83 / 100G
Felix Adult Doubly Delicious Meat Selection Wet Cat Food 85g X12 Pack,$14.50,$1.42 / 100G
Peckish Meal Worms 100g,$9.00,$9.00 / 100G
Optimum Furball With Chicken 1+ Years Dry Cat Food 2kg,$19.00,$0.95 / 100G
Purina One Indoor Advantage With Chicken 1+ Years Dry Cat Food 1.4kg,$20.00,$1.43 / 100G
"Lucky Dog Adult Chicken, Vegetable & Pasta Dry Dog Food 3kg",$11.00,$0.37 / 100G
M-Pets Snake Trivor Cat Tree Scratch Post White 113cm,$119.00,
Friskies Kitten Kitten Discoveries Dry Cat Food 1kg,$8.00,$0.80 / 100G
Fussy Cat Grain Free Adult Chilled Fresh Cat Food Finest Mince & Beef 800g,$7.50,$0.94 / 100G
4 Legs Chicken & Salmon Meatballs Dog Food 1.3kg,$9.15,$0.70 / 100G
Baxter's Rawhide Chew Bars Beef 5 Pack,$5.20,$1.04 / 1EA
Gourmet Delight Wet Dog Chicken 700g,$3.00,$0.43 / 100G
My Dog Fillets In Gravy With Tender Chicken Wet Dog Food Trays 6 Packx100g,$9.50,$1.58 / 100G
Pedigree Adult 7+ Years With Real Turkey Dry Dog Food 3kg,$9.75,$0.33 / 100G
Fancy Feast Adult Inspirations Chicken Collection Wet Cat Food 70g X12 Pack,$19.00,$2.26 / 100G
Pedigree Adult Small Breed Dry Dog Food With Real Beef & Veggies 2.5kg,$9.75,$0.39 / 100G
Applaws Taste Toppers Chicken Selection In Broth 5 Pack,$12.50,$8.01 / 100G
"Fancy Feast Petite Delights Tuna, Salmon And Cod Cat Food 6 Pack",$6.30,$2.10 / 100G
Pretty Wild Turkey & Duck Meatballs In Gravy 100g,$2.00,$2.00 / 100G
Fussy Cat Grain Free Adult Wet Cat Food Mince & Morsels 80g X24 Pack,$22.00,$1.15 / 100G
Natures Goodness Grain Free Adult Chilled Fresh Dog Food Roll Chicken & Duck 1kg,$3.80,$0.38 / 100G
V.i.p Chunkers Adult Chilled Fresh Dog Food Lamb & Veges Meatball 1kg,$6.00,$0.60 / 100G
Pedigree Dentastix Large Dental Dog Treat 28 Pack,$15.50,$0.55 / 1EA
V.i.p Chunkers Adult Chilled Fresh Dog Food Chicken&egg Meatballs 1kg,$6.00,$0.60 / 100G
Essentials Cat Litter Clay Clumping 4.5kg,$3.50,$0.78 / 1KG
Whiskas 1+ Years Wet Cat Food Beef Mince 400g Can,$2.60,$0.65 / 100G
Breeders Choice Paper Cat Litter 24l,$22.00,$0.92 / 1L
Whiskas 1+ Years Wet Cat Food Chicken Mince 400g Can,$2.60,$0.65 / 100G
Pedigree Dentastix Large Dog Dental Treat 7 Pack,$6.50,$0.93 / 1EA
Fancy Feast Adult Inspiration Salmon & Tuna Collection Wet Cat Food 70g X12 Pack,$19.00,$2.26 / 100G
Nature's Gift Adult Chilled Fresh Dog Food Meatballs With Kangaroo & Peas 700g,$6.00,$0.86 / 100G
Optimum Adult 7+ With Chicken Vegetables & Rice Dry Dog Food 2.7kg,$22.00,$0.81 / 100G
Optimum Protein Bites Dog Treats Fish & Spinach 75g,$6.00,$8.00 / 100G
Dine Pulled Menu Gravy Indulgence With Tuna 85g,$1.60,$1.88 / 100G
V.i.p Supreme Fresh Adult Chilled Fresh Dog Food Steak Mince 800g,$7.50,$0.94 / 100G
Applaws Grain Free Dry Dog Food Chicken & Turkey 2.7kg,$21.00,$0.78 / 100G
Bow Wow Super Snacks Vita Shapes Multigrain Bones Dog Treats 500g,$6.00,$1.20 / 100G
Gourmet Delight Wet Dog Food Beef 700g,$3.00,$0.43 / 100G
Fussy Cat Grain Free Adult Wet Cat Food Beef & Kangaroo & Sweet Potato 85g,$1.30,$1.53 / 100G
Dine Classic Collection In Jelly Fish Selection 85g X12 Pack,$15.00,$1.47 / 100G
My Dog Gourmet Beef Meaty Loaf Wet Dog Food 24 Pack,$27.00,$1.13 / 100G
My Dog Shredded Meals Chicken Wet Dog Food 6 X 100g,$7.00,$1.17 / 100G
Pedigree Dentastix Medium Dental Dog Treat 28 Pack,$15.50,$0.55 / 1EA
Supercoat Adult Active Beef 6.7kg,$33.00,$0.49 / 100G
VitaPet JerHigh Chicken Straps with Bacon Flavour 400g,$19.75,$4.94 / 100G
Baxter's Dog Food Chicken & Vegetables 8kg,$17.00,$0.21 / 100G
Baxter's Doggy Treats 375g,$5.00,$1.33 / 100G
Fussy Cat Grain Free Adult Wet Cat Food Chicken & Turkey & Cranberry 85g,$1.30,$1.53 / 100G
Purina One Cat Food Indoor Advantage Immune Defence 1+ Years 2.8kg,$32.00,$1.14 / 100G
Trill Pet Lorikeet Mix 500g,$10.00,$2.00 / 100G
Rufus & Coco Zero Odour Natural Cat Litter 2kg,$9.60,$4.80 / 1KG
My Dog Shredded Meals Beef Wet Dog Food 6 X 100g,$7.00,$1.17 / 100G
4 Legs Beef With Vegetables Dog Meatballs 870g,$7.80,$0.90 / 100G
V.i.p Chunkers Adult Chilled Fresh Dog Food Lamb & Veges Meatball 1kg,$6.00,$0.60 / 100G
Pedigree Dentastix Large Dental Dog Treat 28 Pack,$15.50,$0.55 / 1EA
V.i.p Chunkers Adult Chilled Fresh Dog Food Chicken&egg Meatballs 1kg,$6.00,$0.60 / 100G
Essentials Cat Litter Clay Clumping 4.5kg,$3.50,$0.78 / 1KG
Whiskas 1+ Years Wet Cat Food Beef Mince 400g Can,$2.60,$0.65 / 100G
Breeders Choice Paper Cat Litter 24l,$22.00,$0.92 / 1L
Whiskas 1+ Years Wet Cat Food Chicken Mince 400g Can,$2.60,$0.65 / 100G
Pedigree Dentastix Large Dog Dental Treat 7 Pack,$6.50,$0.93 / 1EA
Fussy Cat Grain Free Adult Chilled Fresh Cat Food Tartare With Kangaroo 70g,$2.50,$3.57 / 100G
Love 'em Dog Treats Beef Liver 200g,$14.00,$7.00 / 100G
Frankie & Friends Cockatiel & Peachface Bird Seed Mix 2kg,$5.00,$0.25 / 100G
4 Legs Angus Beef Meatballs 1.3kg,$9.15,$0.70 / 100G
Dux Guinea Pig & Rabbit Meal 2kg,$7.00,$0.35 / 100G
Applaws Taste Toppers In Gravy Chicken Breast With Lamb 156g,$2.50,$1.60 / 100G
Fancy Feast Petite Delights Chicken & Turkey Cat Food 6 Pack,$6.30,$2.10 / 100G
Prime Pantry Kangaroo Jerky Dog Treat 100g,$5.95,$5.95 / 100G
Golp Dog Yoghurt Vanilla Lactose Free 70g,$2.40,$3.43 / 100G
Fussy Cat Grain Free Adult Dry Cat Food Chicken & Turkey & Cranberries 2.5kg,$26.50,$1.06 / 100G
Friskies Adult 7 Dry Cat Food Adult 1kg,$8.00,$0.80 / 100G
Prime Pantry Chicken With Broccoli & Apple Dog Roll 1.7kg,$11.60,$0.68 / 100G
Applaws Taste Toppers Chicken Selection In Gravy 5 Pack,$12.50,$1.60 / 100G
Peters Rabbit & Guinea Pig Lucerne Pellets 2kg,$7.00,$0.35 / 100G
Pretty Wild Chicken Meatballs In Gravy 100g,$2.00,$2.00 / 100G
Felix As Good As It Looks Kitten Menus Jelly Wet Cat Food 85g X12 Pack,$14.50,$1.42 / 100G
"Applaws Taste Toppers In Broth Chicken, Beef & Vegetables 156g",$2.50,$1.60 / 100G
Charlie's Portable Dog Pool Party Watermelon Extra Large,$69.95,$69.95 / 1EA
Chobani Daily Dollop Dog Yoghurt 300g,$4.00,$1.33 / 100G
Prime Pantry Chicken Jerky Dog Treat 100g,$5.95,$5.95 / 100G
4 Legs Slow Cooked Chicken Sweet Potato Beans & Barley Dog Food 250g,$5.00,$2.00 / 100G
Dine Pulled Menu Gravy Indulgence With Tuna 85g X7 Pack,$8.50,$1.43 / 100G
Frankie & Friends Recycled Plastic Dog Tidy Bags Refills 4 X 20 Pack,$4.99,$1.25 / 1EA
V.i.p Chunkers Adult Chilled Fresh Dog Food Lamb & Veges Meatball 1kg,$6.00,$0.60 / 100G
Pedigree Dentastix Large Dental Dog Treat 28 Pack,$15.50,$0.55 / 1EA
V.i.p Chunkers Adult Chilled Fresh Dog Food Chicken&egg Meatballs 1kg,$6.00,$0.60 / 100G
Essentials Cat Litter Clay Clumping 4.5kg,$3.50,$0.78 / 1KG
Whiskas 1+ Years Wet Cat Food Beef Mince 400g Can,$2.60,$0.65 / 100G
Breeders Choice Paper Cat Litter 24l,$22.00,$0.92 / 1L
Whiskas 1+ Years Wet Cat Food Chicken Mince 400g Can,$2.60,$0.65 / 100G
Pedigree Dentastix Large Dog Dental Treat 7 Pack,$6.50,$0.93 / 1EA
Friskies Adult 7 Dry Cat Food Adult Cat Food 2.5kg,$15.50,$0.62 / 100G
4 Legs Wellness Kangaroo Dog Meatballs 870g,$7.80,$0.90 / 100G
Bow Wow Rabbit Ears 10 Pack,$9.00,$0.90 / 1EA
Dine Pulled Menu With Chicken 85g,$1.60,$1.88 / 100G
Dine Fresh &  Fine In Jelly - 4x With Chicken & 2x With Turkey 50g X6 Pack,$6.00,$2.00 / 100G
Greenies Teenie Dog Dental Treat 170g,$14.00,$8.24 / 100G
Nature's Gift Beef Straps Dog Treats 150g,$5.00,$3.33 / 100G
Fancy Feast Cat Food Salmon Ocean Fish 450g,$7.00,$1.56 / 100G
Optimum Grain Free With Chicken & Vegetables Dry Dog Food 2.5kg,$22.00,$0.88 / 100G
Applaws Cat Food Fish Deluxe 8x70g,$15.00,$2.68 / 100G
Nature's Gift Adult Dry Dog Food With Kangaroo 6kg,$25.00,$0.42 / 100G
Frankie & Friends Small Bird Honey & Fruit Treat 330g,$2.00,$0.61 / 100G
Dine Classic Collection Cat Food 85g X 12 Pack,$15.00,$1.47 / 100G
Optimum Grain Free With Beef & Vegetables Dry Dog Food 2.5kg,$22.00,$0.88 / 100G
Wag Beef Jerky Dog Treat 100g,$7.50,$7.50 / 100G
Fussy Cat Grain Free Adult Wet Cat Food Salmon & Oceanfish & Olive Oil 85g,$1.30,$1.53 / 100G
Applaws Cat Food Pouches Selected Fish In Jelly 5 Pack 250g,$7.25,$2.90 / 100G
Dux Litter Large Tray Each,$6.15,$6.15 / 1EA
Vitapet Chewz Twist Stick Peanut Butter Flavour Dog Treats 10 Pack,$8.30,$0.83 / 1EA
Applaws Dry Cat Food: Chicken 450g,$6.00,$1.33 / 100G
Baxter's Chicken Pieces 100g,$4.00,$4.00 / 100G
Optimum Salmon & Rice Wet Dog Food 6 Pack,$8.00,$1.33 / 100G
Charlie's High Walled Outdoor Trampoline Dog Bed Blue Large,$79.00,
Farmers Market Grain Free Adult Dry Cat Food Salmon With Freeze Dried Lamb 1kg,$14.00,$1.40 / 100G
V.i.p Chunkers Adult Chilled Fresh Dog Food Lamb & Veges Meatball 1kg,$6.00,$0.60 / 100G
Pedigree Dentastix Large Dental Dog Treat 28 Pack,$15.50,$0.55 / 1EA
V.i.p Chunkers Adult Chilled Fresh Dog Food Chicken&egg Meatballs 1kg,$6.00,$0.60 / 100G
Essentials Cat Litter Clay Clumping 4.5kg,$3.50,$0.78 / 1KG
Whiskas 1+ Years Wet Cat Food Beef Mince 400g Can,$2.60,$0.65 / 100G
Breeders Choice Paper Cat Litter 24l,$22.00,$0.92 / 1L
Whiskas 1+ Years Wet Cat Food Chicken Mince 400g Can,$2.60,$0.65 / 100G
Pedigree Dentastix Large Dog Dental Treat 7 Pack,$6.50,$0.93 / 1EA
PaWz Pet Trampoline Bed Dog Cat Elevated Hammock With Canopy Raised Heavy XL,$62.00,
Optimum Dog Treats Salmon & Chia 6 Pack,$6.00,$7.50 / 100G
Farmers Market Adult Dry Dog Food Beef & Farm Vegetables 6.8kg,$40.00,$0.59 / 100G
Nature's Gift Adult Dry Dog Food With Kangaroo 2.5kg,$12.00,$0.48 / 100G
Applaws Taste Toppers Chicken Selection In Stew 5 Pack,$12.50,$1.60 / 100G
Pedigree Small Breed Adult With Real Chicken Dry Dog Food 2.5kg,$9.75,$0.39 / 100G
Farmers Market Grain Free Adult Dry Cat Food Chicken With Freeze Dried Lamb 1kg,$14.00,$1.40 / 100G
Natures Goodness Grain Free Adult Dry Dog Food Wild Game With Sweet Potato 7kg,$27.30,$0.39 / 100G
Purina One Healthy Weight With Chicken 1+ Years Dry Cat Food 1.4kg,$20.00,$1.43 / 100G
"Lucky Dog Adult Minced Beef, Vege & Marrowbone Dry Dog Food 8kg",$26.50,$0.33 / 100G
Gourmet Delight Wet Cat Food With Lamb Mince In Gravy 6x85g,$5.30,$1.04 / 100G
Pedigree Adult With Real Chicken 3kg,$9.75,$0.33 / 100G
Pedigree Dentastix Small Dog Dental Treat 28 Pack,$15.50,$0.55 / 1EA
World's Best Cat Litter Clumping Cat Litter 3.63kg,$20.00,$5.51 / 1KG
Farmers Market Adult Dry Dog Food Chicken & Farm Vegetables 6.8kg,$40.00,$0.59 / 100G
Fussy Cat Grain Free Kitten Dry Cat Food Chicken With Vegetables 450g,$4.55,$1.01 / 100G
Lucky Dog Adult Meaty Chew Beef Dog Treats 4 Pack,$8.50,$8.85 / 100G
Prime Pantry Snapper With Vegetables Dog Food Roll 1.7kg,$11.60,$0.68 / 100G
Exelpet Vet Series Flea Intestinal Worm & Heartworm Lge Dog Each,$35.00,$35.00 / 1EA
Optimum Adult With Chicken Vegetables & Rice Dry Dog Food 7kg,$33.50,$0.48 / 100G
Tofu Cat Litter Enzyme Activated 4kg,$24.00,$6.00 / 1KG
World's Best Cat Litter Multiple Cat Clumping Litter 3.63kg,$20.00,$5.51 / 1KG
Trill Food Pellets Large Birds 600g,$10.00,$1.67 / 100G
Felix As Good As It Looks Ocean Menus In Jelly Wet Cat Food 85g X12 Pack,$14.50,$1.42 / 100G
V.i.p Chunkers Adult Chilled Fresh Dog Food Lamb & Veges Meatball 1kg,$6.00,$0.60 / 100G
Pedigree Dentastix Large Dental Dog Treat 28 Pack,$15.50,$0.55 / 1EA
V.i.p Chunkers Adult Chilled Fresh Dog Food Chicken&egg Meatballs 1kg,$6.00,$0.60 / 100G
Essentials Cat Litter Clay Clumping 4.5kg,$3.50,$0.78 / 1KG
Whiskas 1+ Years Wet Cat Food Beef Mince 400g Can,$2.60,$0.65 / 100G
Breeders Choice Paper Cat Litter 24l,$22.00,$0.92 / 1L
Whiskas 1+ Years Wet Cat Food Chicken Mince 400g Can,$2.60,$0.65 / 100G
Pedigree Dentastix Large Dog Dental Treat 7 Pack,$6.50,$0.93 / 1EA
Applaws Whole Mackerel Loin 30g,$2.80,$9.33 / 100G
Fussy Cat Grain Free Adult Dry Cat Food Beef Kangaroo & Sweet Potato 2.5kg,$26.50,$1.06 / 100G
Dentalife Adult Large Breed Dog Dental Treats 18 Pack,$16.00,$2.73 / 100G
Optimum Cat Food Urinary Care Dry 1.8kg,$19.00,$1.06 / 100G
Optimum Salmon Chunks In Jelly Kitten Wet Food 85g,$2.10,$2.47 / 100G
Rufus & Coco 2 In 1 Oatmeal Dog Shampoo & Conditioner 200ml,$15.00,$7.50 / 100ML
Dine Pulled Menu With Chicken 85g X7 Pack,$8.50,$1.43 / 100G
Purina One Healthy Kitten With Chicken 1-12 Mnth Dry Cat Food 1.4kg,$20.00,$1.43 / 100G
"Natures Goodness Grain Free Adult Dry Dog Food Chicken, Lamb & Garden Veges 7kg",$27.30,$0.39 / 100G
Optimum Ocean Fish Adult Dry Cat Food 2kg,$19.00,$0.95 / 100G
Nature's Gift Chicken Straps Dog Treats 150g,$5.00,$3.33 / 100G
Pretty Wild Dog Food Stuffed Meatballs With Turkey & Cheese 120g,$4.80,$4.00 / 100G
Applaws Cat Food Fish Selection 5 Pack 250g,$7.25,$2.90 / 100G
Nature's Gift Adult Wet Dog Food Strips With Kangaroo & Gravy 100g X6 Pack,$8.50,$1.42 / 100G
Peters Multigrain Mix Rabbit & Guinea Pig Food 2kg,$7.50,$0.38 / 100G
Applaws Cat Treat Salmon Loin 25g,$2.80,$11.20 / 100G
Baxter's Dental Sticks Medium & Large Dog 28 Pack,$11.00,$0.39 / 1EA
Fancy Feast Petite Delights Chicken & Salmon Cat Food 6 Pack,$6.30,$2.10 / 100G
Fussy Cat Grain Free Adult Wet Cat Food Bites & Chicken Gravy 80g X12 Pack,$13.50,$1.41 / 100G
Purina Pixar Sulley Plush Dog Toy Each,$25.00,$25.00 / 1EA
Fancy Feast Inspirations Beef & Lamb 70g X12 Pack,$19.00,$2.26 / 100G
Applaws Cat Food Tuna Fillet In Broth 8 Pack 560g,$15.00,$2.68 / 100G
Nature's Gift Adult Wet Dog Food Loaf Prime Beef In Gravy 100g X6 Pack,$8.50,$1.42 / 100G
Purina One Mature Adult With Chicken 7+ Years Dry Cat Food 1.4kg,$20.00,$1.43 / 100G
V.i.p Chunkers Adult Chilled Fresh Dog Food Lamb & Veges Meatball 1kg,$6.00,$0.60 / 100G
Pedigree Dentastix Large Dental Dog Treat 28 Pack,$15.50,$0.55 / 1EA
V.i.p Chunkers Adult Chilled Fresh Dog Food Chicken&egg Meatballs 1kg,$6.00,$0.60 / 100G
Essentials Cat Litter Clay Clumping 4.5kg,$3.50,$0.78 / 1KG
Whiskas 1+ Years Wet Cat Food Beef Mince 400g Can,$2.60,$0.65 / 100G
Breeders Choice Paper Cat Litter 24l,$22.00,$0.92 / 1L
Whiskas 1+ Years Wet Cat Food Chicken Mince 400g Can,$2.60,$0.65 / 100G
Pedigree Dentastix Large Dog Dental Treat 7 Pack,$6.50,$0.93 / 1EA
V.i.p Chunkers Adult Chilled Fresh Dog Food Lamb & Veges Meatball 1kg,$6.00,$0.60 / 100G
Pedigree Dentastix Large Dental Dog Treat 28 Pack,$15.50,$0.55 / 1EA
V.i.p Chunkers Adult Chilled Fresh Dog Food Chicken&egg Meatballs 1kg,$6.00,$0.60 / 100G
Essentials Cat Litter Clay Clumping 4.5kg,$3.50,$0.78 / 1KG
Whiskas 1+ Years Wet Cat Food Beef Mince 400g Can,$2.60,$0.65 / 100G
Breeders Choice Paper Cat Litter 24l,$22.00,$0.92 / 1L
Whiskas 1+ Years Wet Cat Food Chicken Mince 400g Can,$2.60,$0.65 / 100G
Pedigree Dentastix Large Dog Dental Treat 7 Pack,$6.50,$0.93 / 1EA
Paws & Claws Sausage Chain Of 4 Snags Pet Toy 60cm,$13.50,
Gourmet Delight Cat Food Digestive Support Chicken Mince In Gravy 10 Pack 80g,$6.00,$0.75 / 100G
My Dog Juicy Lamb Wet Dog Food 24 X 100g,$27.00,$1.13 / 100G
PaWz Elevated Pet Bed Dog Puppy Cat Trampoline Hammock Raised Heavy Duty Grey M,$46.00,
Tidy Cats Litter Deodoriser 560g,$15.50,$27.68 / 1KG
Vitapet Natural Pet Litter Fragrance Free Tofu 7l,$18.00,$2.57 / 1L
Open Paddock Wild Kangaroo Air Dried Snack Sticks Dog Treats 2 Pack,$4.00,$2.00 / 1EA
Bow Wow Treat Pork Bones 2 Pack,$7.00,$3.50 / 1EA
Fussy Cat Grain Free Adult Wet Cat Food Mince & Morsels 80g X12 Pack,$13.50,$1.41 / 100G
Greenies Petite Dog Dental Treat 170g,$14.00,$8.24 / 100G
Baxter's Doggy Biscuits 1.5kg,$9.90,$0.66 / 100G
Harmony Bird Food Wild Bird Mix 4kg,$9.50,$0.24 / 100G
"Comfortis Fleas, Heartworm & Worms Tablets For Large Dogs Each",$40.00,$40.00 / 1EA
Bow Wow Super Snacks Vita Shapes Vanilla Paws Dog Treats 500g,$6.00,$1.20 / 100G
Optimum Skin & Coat Salmon Chunks In Jelly Adult Wet Cat Food 85g,$2.10,$2.47 / 100G
Andala Pets Master Tub Trough 2400Ltr,$1699.00,$0.71 / 1L
Gourmet Delight Cat Food Chicken Mince In Gravy 6x85g,$5.30,$1.04 / 100G
Paws & Claws 141cm Catsby Hampton Cat Tree,$134.10,
"Fancy Feast Adult Tuna, Prawn, Mackerel & Crab Flavour Dry Cat Food 1.4kg",$21.00,$1.50 / 100G
"Nature's Gift Slow Cooked Beef, Rice Pumpkin & Peas Dog Food 220g X 2 Pack",$4.00,$0.91 / 100G
Optimum Chicken & Rice Wet Dog Food 24 Pack,$28.50,$1.19 / 100G
Pretty Wild Dog Food Stuffed Meatballs With Egg Yolk 120g,$4.80,$4.00 / 100G
Vitapet Fish Food Goldfish Flake Plus 90g,$9.50,$10.56 / 100G
Bow Wow Bully Stick Dog Treat Each,$7.90,$7.90 / 1EA
V.i.p Chunkers Adult Chilled Fresh Dog Food Lamb & Veges Meatball 1kg,$6.00,$0.60 / 100G
Pedigree Dentastix Large Dental Dog Treat 28 Pack,$15.50,$0.55 / 1EA
V.i.p Chunkers Adult Chilled Fresh Dog Food Chicken&egg Meatballs 1kg,$6.00,$0.60 / 100G
Essentials Cat Litter Clay Clumping 4.5kg,$3.50,$0.78 / 1KG
Whiskas 1+ Years Wet Cat Food Beef Mince 400g Can,$2.60,$0.65 / 100G
Breeders Choice Paper Cat Litter 24l,$22.00,$0.92 / 1L
Whiskas 1+ Years Wet Cat Food Chicken Mince 400g Can,$2.60,$0.65 / 100G
Pedigree Dentastix Large Dog Dental Treat 7 Pack,$6.50,$0.93 / 1EA
Frankie & Friends Wild Bird Honey & Fruit Treat 300g,$2.40,$0.80 / 100G
Applaws Cat Food Cuisine Selection 8x70g,$15.00,$2.68 / 100G
Pedigree Large Breed With Beef Dry Dog Food 8kg,$31.00,$0.39 / 100G
Total Care Heartwormer Allwormer & Flea Control For Cats Each,$23.00,$23.00 / 1EA
Frankie & Friends Wild Bird Block 1.4kg,$9.00,$0.64 / 100G
i.Pet Cat Tree 151cm Tower Scratching Post Scratcher Wood Condo House Bed Trees,$125.95,$125.95 / 1EA
i.Pet Cat Tree 171cm Trees Scratching Post Scratcher Tower Condo House Furniture Wood,$103.95,
i.Pet Cat Tree 260cm Trees Scratching Post Scratcher Tower Condo House Furniture Wood,$124.95,
Regal Lean Dog Beef & Kangaroo 740g,$8.25,$1.11 / 100G
Fussy Cat Grain Free Adult Wet Cat Food Slices & Fish Jelly 80g X 12 Pack,$13.50,$1.41 / 100G
Open Paddock Wild Kangaroo Jerky Strips Dog Treats 100g,$6.80,$6.80 / 100G
Applaws Cat Food Fish Selection In Jelly 12 Pack 840g,$22.00,$2.62 / 100G
Gourmet Delight Mixed Classics 80g X12 Pack,$12.00,$1.25 / 100G
Lucky Dog Adult Meaty Chew Lamb Dog Treats 4 Pack,$8.50,$8.85 / 100G
Total Care Pet Training Pads 8 Pack,$12.00,$1.50 / 1EA
Applaws Cat Food Oceanfish With Salmon 450g,$6.00,$1.33 / 100G
Open Paddock Training Treats Chicken & Coconut 180g,$10.00,$5.56 / 100G
Vitapet Chewz Bones & Rings Chicken Flavour 12 Pack,$8.30,$0.69 / 1EA
Fussy Cat Grain Free Adult Wet Cat Food Slices & Chicken Jelly 80g X 12 Pack,$13.50,$1.41 / 100G
Paws And Claws Vinyl Flexi-Snake Dog/Pet Toy Assorted 41cm,$15.30,
Premiyum Frozen Chicken Mince Dog Food 1kg,$4.45,$0.45 / 100G
Pretty Wild Dog Food Meatballs In Gravy 6 Pack,$11.00,$1.83 / 100G
Gourmet Delight Cat Food Beef Mince In Gravy Heart Health 10 Pack 80g,$6.00,$0.75 / 100G
PaWz Elevated Pet Bed Dog Puppy Cat Trampoline Hammock Raised Heavy Duty Black M,$46.00,
V.i.p Chunkers Adult Chilled Fresh Dog Food Lamb & Veges Meatball 1kg,$6.00,$0.60 / 100G
Pedigree Dentastix Large Dental Dog Treat 28 Pack,$15.50,$0.55 / 1EA
V.i.p Chunkers Adult Chilled Fresh Dog Food Chicken&egg Meatballs 1kg,$6.00,$0.60 / 100G
Essentials Cat Litter Clay Clumping 4.5kg,$3.50,$0.78 / 1KG
Whiskas 1+ Years Wet Cat Food Beef Mince 400g Can,$2.60,$0.65 / 100G
Breeders Choice Paper Cat Litter 24l,$22.00,$0.92 / 1L
Whiskas 1+ Years Wet Cat Food Chicken Mince 400g Can,$2.60,$0.65 / 100G
Pedigree Dentastix Large Dog Dental Treat 7 Pack,$6.50,$0.93 / 1EA
Pretty Wild Dog Food Shreds In Gravy Variety Pack 6 Pack,$11.00,$1.83 / 100G
Paws & Claws Candy Roll Oxford Toy Farties 28X11cm,$14.40,
Purina Totalcare Grooming Scissors 2in1 For Dogs Each,$17.00,$17.00 / 1EA
M-Pets Large Life Jacket For Dogs Up To 37kg 55cm,$79.95,$79.95 / 1EA
Paws & Claws Vinyl Squeaky Flamingo Clip Strip 23x7.5x7cm Assorted,$12.60,
i.Pet Wooden Hutch Large,$246.95,
Optimum Adult With Beef Vegetables & Rice Dry Dog Food 7kg,$33.50,$0.48 / 100G
Play-Doh Kitchen Creations Pizza Oven Playset,$25.00,
Total Care Palatable Allwormer For Cats & Kittens 2 Pack,$16.50,$8.25 / 1EA
i.Pet 141cm Cat Tree Scratching Post Scratcher Tower Condo House Wood - Beige,$93.95,
"Comfortis Fleas, Heartworm & Worms Tablets For Small Dogs Each",$40.00,$40.00 / 1EA
Lovitt's Whistler Lorikeet Bars Tropical Fruit 100g,$3.50,$3.50 / 100G
Nature's Gift Adult Dry Dog Food With Beef 6kg,$25.00,$0.42 / 100G
Nature's Gift Slow Cooked Chicken With Lentils Dog Food 220g X 2 Pack,$4.00,$0.91 / 100G
4 Legs Slow Cooked With Beef Pumpkin Broccoli & Couscous Dog Food 250g,$5.00,$2.00 / 100G
Charlie's Dog Floaties Watermelon 160x120cm,$69.95,$69.95 / 1EA
Gourmet Delight Cat Food Healthy Weight Ocean Fish & Chicken 10 Pack 80g,$6.00,$0.75 / 100G
Nature's Gift Slow Cooked Chicken With Pasta Dog Food 220g X 2 Pack,$4.00,$0.91 / 100G
Optimum 6x Natural Defences & 6x Skin & Coat Wet Cat Food 85g X12 Pack,$15.00,$1.47 / 100G
Premiyum Slow Cooked Chicken Protein Bowl Dog Food 500g,$9.00,$1.80 / 100G
Purina Totalcare Allwormer Small Dog & Puppy 4 Pack,$14.00,$3.50 / 1EA
"Comfortis Fleas, Heartworm & Worms Tablets For Medium Dogs Each",$40.00,$40.00 / 1EA
Farmers Market Grain Free Adult Wet Cat Food Chicken Collection Variety Pk 80g X 6 Pack,$8.00,$1.67 / 100G
i.Pet Cat Tree 180cm Trees Scratching Post Scratcher Tower Condo House Furniture Wood,$113.95,
V.i.p Chunkers Adult Chilled Fresh Dog Food Lamb & Veges Meatball 1kg,$6.00,$0.60 / 100G
Pedigree Dentastix Large Dental Dog Treat 28 Pack,$15.50,$0.55 / 1EA
V.i.p Chunkers Adult Chilled Fresh Dog Food Chicken&egg Meatballs 1kg,$6.00,$0.60 / 100G
Essentials Cat Litter Clay Clumping 4.5kg,$3.50,$0.78 / 1KG
Whiskas 1+ Years Wet Cat Food Beef Mince 400g Can,$2.60,$0.65 / 100G
Breeders Choice Paper Cat Litter 24l,$22.00,$0.92 / 1L
Whiskas 1+ Years Wet Cat Food Chicken Mince 400g Can,$2.60,$0.65 / 100G
Pedigree Dentastix Large Dog Dental Treat 7 Pack,$6.50,$0.93 / 1EA
Frankie & Friends Fish Food Flakes 50g,$5.30,$10.60 / 100G
Total Care Flea & Tick Control Plus For Medium Dogs Each,$22.00,$22.00 / 1EA
Fussy Cat Grain Free Adult Wet Cat Food Bites & Fish Gravy 80g X12 Pack,$13.50,$1.41 / 100G
Open Paddock Wild Kangaroo Bone Broth Dog Food 500ml,$8.00,$1.60 / 100ML
Paws & Claws Microfiber Drying Towel 60x90cm,$15.30,$15.30 / 1EA
Total Care Allwormer For Dogs 4 Pack,$18.50,$4.63 / 1EA
Total Care Flea & Tick Control Plus For Large Dogs Each,$23.00,$23.00 / 1EA
Optimum Lamb & Rice Wet Dog Food 24 Pack,$28.50,$1.19 / 100G
Vitapet Treatment Water Ager 125ml,$7.00,$5.60 / 100ML
Frankie & Friends Dog Shampoo 1l,$7.50,$0.75 / 100ML
Charlie's High Walled Outdoor Trampoline Dog Bed Black Medium,$69.00,
Seachem Prime Water Conditioner 325ML Bonus 30% Free,$33.50,$103.08 / 1L
"Lucky Dog Adult Roast Chicken, Vege & Pasta Dry Dog Food 8kg",$26.50,$0.33 / 100G
Pretty Wild Simply Shredded Pate Variety Pack 5 Pack,$12.50,$1.58 / 100G
Tidbits 180g Small Bites Dog Biscuits Salmon,$17.00,$9.44 / 100G
Baxter's Chicken Chews 200g,$4.75,$2.38 / 100G
Frankie & Friends Goldfish Granulated Food 100g,$2.90,$2.90 / 100G
Mayver's Peanut Butter Dog Biscuits 250g,$6.40,$2.56 / 100G
Purina Pixar Mike Wazowski Dog Toy Each,$23.00,$23.00 / 1EA
Total Care Flea & Tick Control Plus For Small Dogs Each,$21.00,$21.00 / 1EA
Instahut Bird Netting Net Anti Pest Commercial Fruit Trees Plant 10x50m 30GSM Black,$169.95,
Louie Living Donut Pet/Dog Lounger/Bed Medium Grey,$59.00,
Tofu Cat Litter Cat Litter 2.5kg,$16.00,$6.40 / 1KG
V.i.p Chunkers Adult Chilled Fresh Dog Food Lamb & Veges Meatball 1kg,$6.00,$0.60 / 100G
Pedigree Dentastix Large Dental Dog Treat 28 Pack,$15.50,$0.55 / 1EA
V.i.p Chunkers Adult Chilled Fresh Dog Food Chicken&egg Meatballs 1kg,$6.00,$0.60 / 100G
Essentials Cat Litter Clay Clumping 4.5kg,$3.50,$0.78 / 1KG
Whiskas 1+ Years Wet Cat Food Beef Mince 400g Can,$2.60,$0.65 / 100G
Breeders Choice Paper Cat Litter 24l,$22.00,$0.92 / 1L
Whiskas 1+ Years Wet Cat Food Chicken Mince 400g Can,$2.60,$0.65 / 100G
Pedigree Dentastix Large Dog Dental Treat 7 Pack,$6.50,$0.93 / 1EA
i.Pet 203cm Cat Tree Scratching Post Scratcher Tower Condo - Beige,$120.95,
Andala Pets Schmackos Snacks Strapz Chicken 500g,$39.00,
Gourmet Delight Meaty Feast 80g X12 Pack,$12.00,$1.25 / 100G
Paws & Claws Bottle Shop Plush 31x10cm - Vodka,$15.30,
Total Care Heartwormer Allwormer & Flea Control Chew For Large Dog Each,$30.00,$30.00 / 1EA
Farmers Market Grain Free Adult Dry Cat Food Fish Collection Variety Pack 80g X 6 Pack,$8.00,$1.67 / 100G
Premiyum Slow Cooked Chicken Power Bowl Dog Food 500g,$9.00,$1.80 / 100G
Optimum Cat Food Healthy Weight Chicken Chunks Jelly 12 Pack 1.02kg,$15.00,$1.47 / 100G
Paws & Claws Cat Plush Sushi Dangler Toy w/ Crinkle/Catnip Assorted 27cm,$14.40,
Paws & Claws Savoy S/Steel Pet Bowl Assorted 2.6L 23x7.5cm,$16.20,
Optimum Cat Food Oral Care Dry 2kg,$19.00,$0.95 / 100G
Optimum Kitten Food With Salmon Chunks In Jelly 24 Pack 2.4kg,$29.00,$1.42 / 100G
PaWz Automatic Smart Cat Litter Box Self-Cleaning With App Remote Control Large,$569.00,$569.00 / 1EA
PaWz Cat Tree Scratching Post Scratcher Tower Condo House Furniture Cream 210cm,$99.00,
Paws & Claws Tug-Of-War Squeaky Rope Ring W/ Tennis Ball 25cm Blue/Green,$16.20,
Pets Own Pig Ears Healthy Tasty Dog Treats 5pc,$23.00,$4.60 / 1EA
Rufus & Coco Cat Litter Plant Powered 2kg,$9.60,$4.80 / 1KG
Vitapet Fish Food Tropical Flake 36g,$9.50,$26.39 / 100G
Charlie's Portable Dog Pool Party Watermelon Large,$59.95,$59.95 / 1EA
Open Paddock Natural Skins Beef & Kangaroo Rolls Dog Chews 3 Pack,$10.00,$3.33 / 1EA
Greenies Original Dog Dental Treat Large 170g,$14.00,$8.24 / 100G
Open Paddock Natural Skins Beef Roll Large Dog Chew Each,$10.00,$10.00 / 1EA
PaWz Cat Tree Scratching Post Scratcher Furniture Condo Tower House Trees Toys 140cm,$99.00,
Frankie & Friends Wild Bird Ring 750g,$5.50,$0.73 / 100G
V.i.p Chunkers Adult Chilled Fresh Dog Food Lamb & Veges Meatball 1kg,$6.00,$0.60 / 100G
Pedigree Dentastix Large Dental Dog Treat 28 Pack,$15.50,$0.55 / 1EA
V.i.p Chunkers Adult Chilled Fresh Dog Food Chicken&egg Meatballs 1kg,$6.00,$0.60 / 100G
Essentials Cat Litter Clay Clumping 4.5kg,$3.50,$0.78 / 1KG
Whiskas 1+ Years Wet Cat Food Beef Mince 400g Can,$2.60,$0.65 / 100G
Breeders Choice Paper Cat Litter 24l,$22.00,$0.92 / 1L
Whiskas 1+ Years Wet Cat Food Chicken Mince 400g Can,$2.60,$0.65 / 100G
Pedigree Dentastix Large Dog Dental Treat 7 Pack,$6.50,$0.93 / 1EA
PETKIT PURA X Automated Self-Clean Cat Litter Box,$699.00,
PaWz Cat Tree Scratching Post Scratcher Furniture Condo Tower House Trees 150cm,$115.00,
Rufus & Coco Dog Breath Buddy Water Additive 150ml,$15.50,$10.33 / 100ML
Total Care Cuddlechews Dog Toy Assorted Each,$18.00,$18.00 / 1EA
Blackdog Naturally Good Treats Yoghurt Drops 250g,$18.00,$7.20 / 100G
PaWz Pet Trampoline Bed Dog Cat Elevated Hammock With Canopy Raised Heavy Duty L,$53.00,
Charlie's Portable Dog Pool Party Watermelon Medium,$49.95,$49.95 / 1EA
Zodiac 7L Fruity Tofu Cat Litter - Watermelon,$18.49,$0.26 / 100ML
Breeders Choice Kitten Litter With Natural Attractant 9l,$15.00,$1.67 / 1L
Open Paddock Wild Pork Air Dried Snack Sticks Dog Treats 2 Pack,$4.00,$2.00 / 1EA
Andala Pets Pooper Scooper Set,$79.00,$79.00 / 1EA
Charlie's High Walled Outdoor Trampoline Dog Bed Grey Medium,$69.00,
Farmers Market Adult Dry Dog Food Chicken & Farm Vegetables 2.7kg,$18.40,$0.68 / 100G
Harmony No Waste Seed Mix 1kg,$5.60,$0.56 / 100G
Open Paddock Natural Skins Hickory Smoked Strips Dog Chews 5 Pack,$13.00,$2.60 / 1EA
Peters Poultry Free Range Mix 5kg,$12.00,$0.24 / 100G
Total Care Whacky Duck Dog Toy Each,$18.50,$18.50 / 1EA
Wag Dog Treat Beef Jerky 200g,$24.00,$12.00 / 100G
Applaws Cat Food Mixed Selection 12 Pack 840g,$22.00,$2.62 / 100G
Bird Munchies Budgie Treat Budgie & Canary Treat 110g,$2.30,$2.09 / 100G
Gourmet Delight Ocean Delights 80g X12 Pack,$12.00,$1.25 / 100G
Optimum Cat Food Fish Selection 24 Pack 2.04kg,$29.00,$1.42 / 100G
Paws & Claws Pick-A-Poo Degradable Waste Bags 20pc w/ Dispenser 22X32cm,$12.60,
V.i.p Chunkers Adult Chilled Fresh Dog Food Lamb & Veges Meatball 1kg,$6.00,$0.60 / 100G
Pedigree Dentastix Large Dental Dog Treat 28 Pack,$15.50,$0.55 / 1EA
V.i.p Chunkers Adult Chilled Fresh Dog Food Chicken&egg Meatballs 1kg,$6.00,$0.60 / 100G
Essentials Cat Litter Clay Clumping 4.5kg,$3.50,$0.78 / 1KG
Whiskas 1+ Years Wet Cat Food Beef Mince 400g Can,$2.60,$0.65 / 100G
Breeders Choice Paper Cat Litter 24l,$22.00,$0.92 / 1L
Whiskas 1+ Years Wet Cat Food Chicken Mince 400g Can,$2.60,$0.65 / 100G
Pedigree Dentastix Large Dog Dental Treat 7 Pack,$6.50,$0.93 / 1EA
Petkit Eversweet Solo Water Drinking Fountain - Green,$72.00,$72.00 / 1EA
i.Pet Cat Tree 193cm Trees Scratching Post Scratcher Tower Condo House Furniture Wood,$107.95,
Natures Goodness Grain Free Adult Dry Dog Food Wild Game With Sweet Potato 3kg,$21.00,$0.70 / 100G
Nerf Max Tuff Balls Dog Toy 2 Pack,$11.00,$11.00 / 1EA
Nerf Squeak Dog Toy Balls 4 Pack,$15.00,$3.75 / 1EA
Paws & Claws Meat Lovers Flavoured Steak Dog/Pet Chew Toy Assorted 11x8x2cm,$14.40,
Paws & Claws Travel Water Bottle - Assorted 500ml,$13.50,
Pet Food Australia Turkey & Lamb Low-Fat Grain Free Natural Dry Dog Food 20kg,$219.95,$1.10 / 100G
"Fancy Feast Adult Beef, Salmon & Cheese Flavour Dry Cat Food 1.4kg",$21.00,$1.50 / 100G
Farmers Market Adult Dry Dog Food Beef & Farm Vegetables 2.7kg,$18.40,$0.68 / 100G
Paws & Claws Alien Invasion Pet Dog Toy Rocket Ship 30x18x9cm,$17.10,
Paws And Claws Pet/Dog Tie Out Cable w/ Stake Combo Assorted 4m,$17.95,
Petkit Eversweet Solo Smart Pet Drinking Fountain - Grey,$72.00,$72.00 / 1EA
Total Care Dentarope Dog Toy Each,$16.50,$16.50 / 1EA
Andala Pets Licker Drum Molasses Feeder,$695.00,$695.00 / 1EA
Pretty Wild Organic Pet Wipes 40pk,$4.80,$4.80 / 1EA
i.Pet Cat Tree 184cm Trees Scratching Post Scratcher Tower Condo House Furniture Wood,$123.95,
i.Pet Chicken Coop Cage Run Rabbit Hutch Large Walk In Hen Enclosure Cover 3mx6m,$464.95,
Bird Munchies Bird Food Gourmet Blend Parrot 1kg,$5.80,$0.58 / 100G
Charlie's High Walled Outdoor Trampoline Dog Bed Black Small,$59.00,
Evolution Australian Pet Treats Salmon Bites 400g,$23.99,$6.00 / 100G
Gourmet Delight Fish Selection 80g X12 Pack,$12.00,$1.25 / 100G
"Natures Goodness Grain Free Adult Dry Dog Food Chicken, Lamb & Garden Veges 3kg",$21.00,$0.70 / 100G
PaWz Pet Stroller Pram Dog Carrier Trailer Strollers  Wheels Foldable Large,$109.95,
V.i.p Chunkers Adult Chilled Fresh Dog Food Lamb & Veges Meatball 1kg,$6.00,$0.60 / 100G
Pedigree Dentastix Large Dental Dog Treat 28 Pack,$15.50,$0.55 / 1EA
V.i.p Chunkers Adult Chilled Fresh Dog Food Chicken&egg Meatballs 1kg,$6.00,$0.60 / 100G
Essentials Cat Litter Clay Clumping 4.5kg,$3.50,$0.78 / 1KG
Whiskas 1+ Years Wet Cat Food Beef Mince 400g Can,$2.60,$0.65 / 100G
Breeders Choice Paper Cat Litter 24l,$22.00,$0.92 / 1L
Whiskas 1+ Years Wet Cat Food Chicken Mince 400g Can,$2.60,$0.65 / 100G
Pedigree Dentastix Large Dog Dental Treat 7 Pack,$6.50,$0.93 / 1EA
Freezy Paws Pets Cat Dog Premium Human Grade Whole Sardines 80g,$25.00,
PaWz 2x Washable Dog Puppy Training Pad Pee Puppy Reusable Cushion King Grey,$46.00,
PaWz Luxury Pet Sofa Chaise Lounge Sofa Bed Cat Dog Beds Couch Sleeper Soft Grey,$143.00,
Paws & Claws Pick-A-Poo Degradable Waste Bags Dispenser - Vanilla Scented 200PK,$15.30,$7.65 / 100EA
Paws & Claws Wooden Bird Ladder 28X7.5cm,$12.60,
Petkit Eversweet Solo Smart Pet Drinking Fountain - Blue,$50.40,$50.40 / 1EA
Petkit Eversweet Solo Water Drinking Fountain - Orange,$57.60,$57.60 / 1EA
"2x Nerf Dog 3"" Squeak Tennis Balls Multi",$16.20,
Andala Pets 32Ltr Corner Feeder,$159.00,$0.50 / 100ML
Andala Pets Dog Kennel Outdoor Indoor Pet Plastic Garden Large House Weatherproof Outside L,$199.00,
Andala Pets Heavy Duty Metal Pooper Scooper,$139.00,$139.00 / 1EA
Andala Pets Peters Original Mix Rabbit And Guinea Pig Food 8kg,$69.00,
Andala Pets Sweep Trough Broom,$249.00,$249.00 / 1EA
Aussie Dog Products Enduro Pet Toy Hard Ball Red M 19cm,$46.00,
Aussie Dog Products Mitch Pet Toy Hard Ball Red M 18cm,$55.00,
Aussie Dog Tucker Ball - Medium,$47.00,
Ausway Solar Powered Fresh Air Pump for Pond Pool Fish,$49.95,
Bird Feeder Seed/Water Container Round Top Outdoor Garden Home Decor,$59.95,$59.95 / 1EA
Blackdog Braided Beef Jerky Sticks Dog/Pet Treat 25pc,$99.95,$4.00 / 1EA
Charlie's 2 In 1 Crate Dog Bed With Bolster Dark Grey Medium,$119.00,
Charlie's High Walled Outdoor Trampoline Dog Bed Blue Small,$59.00,
Dazy Dog Dog Leash Teal Large-Extra Large,$24.99,
Evolution Australian Pet Treats Semi Moist Chicken 400g,$22.99,$5.75 / 100G
Evolution Australian Pet Treats Semi Moist Kangaroo 400g,$22.99,$5.75 / 100G
V.i.p Chunkers Adult Chilled Fresh Dog Food Lamb & Veges Meatball 1kg,$6.00,$0.60 / 100G
Pedigree Dentastix Large Dental Dog Treat 28 Pack,$15.50,$0.55 / 1EA
V.i.p Chunkers Adult Chilled Fresh Dog Food Chicken&egg Meatballs 1kg,$6.00,$0.60 / 100G
Essentials Cat Litter Clay Clumping 4.5kg,$3.50,$0.78 / 1KG
Whiskas 1+ Years Wet Cat Food Beef Mince 400g Can,$2.60,$0.65 / 100G
Breeders Choice Paper Cat Litter 24l,$22.00,$0.92 / 1L
Whiskas 1+ Years Wet Cat Food Chicken Mince 400g Can,$2.60,$0.65 / 100G
Pedigree Dentastix Large Dog Dental Treat 7 Pack,$6.50,$0.93 / 1EA
Evolution Pet Treats Beef Ears 10 Pack,$38.23,$10.92 / 100G
Mayver's Peanut Butter & Chicken Jerky Dog Treats 100g,$6.00,$6.00 / 100G
Mimi & Munch Natural Dog Treats -  Peanut Butter Lovers Box,$64.98,
"Nerf Dog 12"" Trackshot Football w/ Tails Flyer",$20.70,
"Nerf Dog 19"" Chain Tug Toy",$28.00,
"Nerf Dog 2.5"" Small Tire Squeak Ball",$17.10,
Nerf Dog Medium Tire Barbell Squeaker Toy Green,$20.70,
Nerf Dog Rubber Squeaker Toy Ball Red,$18.00,
Nerf Dog Trackshot Duck Launcher Toy Blue,$21.60,
Nerf Trackshot Duck,$28.00,
PaWz Electric Pet Heater Bed Heated Mat Mattress Pad Cat Dog Heat Blanket Removable Cover Size XL,$59.00,
PaWz Metal Bird Feeder Hanging Wild Seed Container Hanger Stand Outdoor Garden,$49.00,$49.00 / 1EA
PaWz Pet Bed Cat Dog Donut Nest Calming Kennel Cave Sleeping Light Grey XXXL,$69.00,
PaWz Pet Bed Set Dog Cat Quilted Blanket Squeaky Toy Calming Warm Soft Grey XL,$70.00,
PaWz Replaceable Cover For Dog Calming Bed Mat Soft Plush Kennel Charcoal Size L,$27.00,
PaWz Wooden Wire Dog Kennel Side End Table Steel Puppy Crate Indoor Pet House XXL,$269.00,
Paw Mat 97cm Pink Dog Cat Pet Grooming Salon Table Foldable Carry Height Adjustable,$152.70,$152.70 / 1EA
Paw Play Latex Rat 22cm,$18.00,
Paws & Claws 2pc Icecream Cone Twin Chew Dog Toy TPR Oxford 20x10x5cm,$16.20,
Paws & Claws 2pc Icecream Twin Chew Dog Toy TPR Oxford Red 20x10x5cm,$16.20,
Paws & Claws BooBone Branch Chew Toy - Peanut Butter,$14.40,
Paws & Claws Catsby Clifton Condo Cat Tree Silver Grey 50X50X98cm,$93.60,
Paws & Claws Meat Lovers Flavoured Drumstick Dog/Pet Chew Toy Assorted 12x7x4cm,$14.40,
Paws & Claws Pet/Dog Toy Big Biter Leopard TPR/Plush Pet Toy w/ Squeaker 18cm,$16.20,
V.i.p Chunkers Adult Chilled Fresh Dog Food Lamb & Veges Meatball 1kg,$6.00,$0.60 / 100G
Pedigree Dentastix Large Dental Dog Treat 28 Pack,$15.50,$0.55 / 1EA
V.i.p Chunkers Adult Chilled Fresh Dog Food Chicken&egg Meatballs 1kg,$6.00,$0.60 / 100G
Essentials Cat Litter Clay Clumping 4.5kg,$3.50,$0.78 / 1KG
Whiskas 1+ Years Wet Cat Food Beef Mince 400g Can,$2.60,$0.65 / 100G
Breeders Choice Paper Cat Litter 24l,$22.00,$0.92 / 1L
Whiskas 1+ Years Wet Cat Food Chicken Mince 400g Can,$2.60,$0.65 / 100G
Pedigree Dentastix Large Dog Dental Treat 7 Pack,$6.50,$0.93 / 1EA
Paws And Claws Funtime Friends Neoprene Alligator Dog/Pet Toy 33x15x5cm,$16.20,
Paws And Claws Healthy Thingz Mega Avocado Plush Toy 25X20X17cm,$18.00,
Paws And Claws Parrot Wooden Ladder 54X10Cm,$18.00,
Paws And Claws Really Ropey Monkey Dog Toy - Grey 2PK 38cm,$21.60,
Paws And Claws Really Ropey Monkey Dog Toy Grey 38cm,$16.20,
Petkit Air Fly Dog Harness - M Size,$44.96,
Petkit Deep Sleep Pet Mattress Comfort Memory Foam Two Layers Pet Bed - L Size,$116.10,
Petkit Deep Sleep Pet Mattress Comfort Memory Foam Two Layers Pet Bed - M Size,$84.60,
Petree Pet Drinking Fountain  Green,$89.95,
Petree Pet Drinking Fountain  Pink,$89.95,
Plastic Fish/Bug/Insect Aquarium Container Extra Large 36cm 12L w/Lid Assorted,$35.00,
Purroom Hand - Knitted Hammock,$169.95,
Rosewood 40 Winks Dog Sleeper Grey/Cream Snuggle Plush Round Cat/Small Dog Bed 38cm,$35.00,
Rosewood Dylan Plush Dog Toy,$24.00,
Rufus & Coco Bright White Wash Whitening Dog Shampoo & Conditioner 200ml,$15.00,$7.50 / 100ML
Seachem Alert Combo Pack PH & Ammonia  12 Months,$42.27,$42.27 / 1EA
Seachem Reef Glue 20g,$34.49,"$1,724.50 / 1KG"
Unicharm Ezi-Lockodour Dual Layer Cat Litter System Starter Kit,$99.00,$99.00 / 1EA
Vitapet Fish Food Goldfish Flake Plus 36g,$7.50,$20.83 / 100G
i.Pet Dog Kennel Outdoor Plastic Pet House Puppy Extra Large XL Outside,$193.95,$193.95 / 1EA
i.Pet Wooden Dog Kennel Large L Kennels Outdoor Pet House Puppy Outside 104cm x 69cm x 66cm,$194.95,
M-Pets 13cm Dancing Butterfly Cat Toy - White,$23.00,
PaWz Large Pet Stroller Dog Cat Carrier Travel Pushchair Foldable Pram 3 Wheels Plaid Print,$79.00,
"Regal Premium Pet Mince Chicken, Beef & Roo 3.2kg",$19.75,$0.62 / 100G
V.i.p Chunkers Adult Chilled Fresh Dog Food Lamb & Veges Meatball 1kg,$6.00,$0.60 / 100G
Pedigree Dentastix Large Dental Dog Treat 28 Pack,$15.50,$0.55 / 1EA
V.i.p Chunkers Adult Chilled Fresh Dog Food Chicken&egg Meatballs 1kg,$6.00,$0.60 / 100G
Essentials Cat Litter Clay Clumping 4.5kg,$3.50,$0.78 / 1KG
Whiskas 1+ Years Wet Cat Food Beef Mince 400g Can,$2.60,$0.65 / 100G
Breeders Choice Paper Cat Litter 24l,$22.00,$0.92 / 1L
Whiskas 1+ Years Wet Cat Food Chicken Mince 400g Can,$2.60,$0.65 / 100G
Pedigree Dentastix Large Dog Dental Treat 7 Pack,$6.50,$0.93 / 1EA
Seachem Clarity 500ml,$40.53,$81.06 / 1L
i.Pet Chicken Coop Cage Run Rabbit Hutch Large Walk In Hen House Cover 3mx4mx2m,$413.95,
i.Pet Chicken Coop Rabbit Hutch Large House Run Cage Pet Hutch 150cm x 60cm x 93cm,$197.95,
i.Pet Rabbit Hutch Chicken Coop Large Run Hamster Guinea Pig 98cm x 45cm x 92cm,$190.95,
Animals Like Us Grass Fed Beef Dog Food 1kg,$24.00,$2.40 / 100G
Mayver's Peanut Butter & Carob Choc Dog Treats 250g,$6.40,$2.56 / 100G
Mimi & Munch Natural Dog Treats - Peanut Butter Dippers Box,$58.00,$58.00 / 1EA
Nite Ize DoohicKey 4-In-1 Pet Tool,$26.10,$26.10 / 1EA
Open Paddock Beef Bone Broth Dog Treat Medium 4 Pack,$8.00,$2.00 / 1EA
PaWz Pet Protector Sofa Cover Dog Cat Couch Cushion Slipcovers 1/2/3 Seater L,$53.00,
Royale 100cm Donut Cuddler Pet Beds L Dark Grey,$99.00,
Animals Like Us Grass Fed Lamb Dog Food 1kg,$24.00,$2.40 / 100G
Nature's Gift Adult All Breed Dog Food With Beef 2.5kg,$12.00,$0.48 / 100G
Nerf Squeak & Crunch Ball Dog Toy Each,$15.00,$15.00 / 1EA
Open Paddock Chicken Winglets 170g,$13.00,$7.65 / 100G
PaWz Pet Trampoline Bed Dog Cat Elevated Hammock With Canopy Raised Heavy Duty M,$44.00,
Paws And Claws Pet/Dog/Cat Food Scoop Grey 8x23.5cm 3PK,$15.30,$5.10 / 1EA
Animals Like Us King Salmon Dog Food 1kg,$24.00,$2.40 / 100G
Charlie's High Walled Outdoor Trampoline Dog Bed Blue Medium,$69.00,
Open Paddock Wild Kangaroo Jerky Strips Dog Treats 300g,$19.00,$6.33 / 100G
Paws & Claws Flavour-Bone Spiky Bone Beef Flavoured Rubber Toy,$15.30,
Vitapet Fish Food Goldfish Granules 200g,$11.00,$5.50 / 100G
Wag Dog Treats Kangaroo Liver 200g,$22.00,$11.00 / 100G
Catsan Lavender Scented Cat Litter Crystals 4kg,$27.00,$6.75 / 1KG
V.i.p Chunkers Adult Chilled Fresh Dog Food Lamb & Veges Meatball 1kg,$6.00,$0.60 / 100G
Pedigree Dentastix Large Dental Dog Treat 28 Pack,$15.50,$0.55 / 1EA
V.i.p Chunkers Adult Chilled Fresh Dog Food Chicken&egg Meatballs 1kg,$6.00,$0.60 / 100G
Essentials Cat Litter Clay Clumping 4.5kg,$3.50,$0.78 / 1KG
Whiskas 1+ Years Wet Cat Food Beef Mince 400g Can,$2.60,$0.65 / 100G
Breeders Choice Paper Cat Litter 24l,$22.00,$0.92 / 1L
Whiskas 1+ Years Wet Cat Food Chicken Mince 400g Can,$2.60,$0.65 / 100G
Pedigree Dentastix Large Dog Dental Treat 7 Pack,$6.50,$0.93 / 1EA
PaWz Pet Trampoline Bed Dog Cat Elevated Hammock With Canopy Raised Heavy Duty S,$35.00,
Baxter's Dental Sticks Small Dog 28 Pack,$11.00,$0.39 / 1EA
Charlie's High Walled Outdoor Trampoline Dog Bed Grey Small,$59.00,
Open Paddock Chicken Kibble & Air Dried Meat Dog Food 6kg,$48.00,$0.80 / 100G
Rufus & Coco Itch Relief Dog Shampoo 200ml,$15.50,$7.75 / 100ML
Rufus & Coco Self Cleaning Slicker Brush Slicker Dog Brush Each,$16.00,$16.00 / 1EA
Superior Pet Goods 70 x 69cm Small Heavy Duty Flea Free Pet Bed Frame Cover,$36.00,
Rufus & Coco Water Free Wash Dog Grooming Powder 100g,$15.00,$15.00 / 100ML
Andala Pets Dog Stroller,$333.00,
Paws & Claws Rope Tugger Toys Assorted 28cm,$12.60,
Paws & Claws Savoy S/Steel Pet Bowl Assorted 1.6L 20x6cm,$15.30,
Rufus & Coco Dog Ear & Wound Care Liquid 150ml,$15.50,$10.33 / 100ML
Total Care Bouncing Bird Cat Toy Assorted Each,$11.00,$11.00 / 1EA
Open Paddock Beef Hoof With Kangaroo Filling Treat For Dogs 2pk,$13.00,$6.50 / 1EA
Total Care Shine Dangler Cat Toy Each,$14.00,$14.00 / 1EA
Enhance Supernutrition Lamb Green Tripe 50g,$10.00,$20.00 / 100G
Frankie & Friends Non Skid Small Embossed Dog Bowl Each,$6.75,$6.75 / 1EA
Inaba Churu Pops Tuna Cat Treat Tubes 15g 24PK,$27.00,$1.13 / 1EA
Paws & Claws Pet/Dog 15cm Puppy Ropes Chew/Bite Toy 4PK,$13.50,
Paws&Claws Barrel Pet Water Dispenser 3.8L 32x20.5x32cm,$21.60,
Purina Totalcare Stretchy Grunter Dog Toy Assorted Each,$16.50,$16.50 / 1EA
Total Care Plushimal Dog Toy Assorted Each,$16.00,$16.00 / 1EA
Charlie's Faux Fur Crate Dog Bed Beige Large,$89.00,
Exelpet Vet Series Flea Intestinal & Heartworm Treatment Cats Each,$22.00,$22.00 / 1EA
V.i.p Chunkers Adult Chilled Fresh Dog Food Lamb & Veges Meatball 1kg,$6.00,$0.60 / 100G
Pedigree Dentastix Large Dental Dog Treat 28 Pack,$15.50,$0.55 / 1EA
V.i.p Chunkers Adult Chilled Fresh Dog Food Chicken&egg Meatballs 1kg,$6.00,$0.60 / 100G
Essentials Cat Litter Clay Clumping 4.5kg,$3.50,$0.78 / 1KG
Whiskas 1+ Years Wet Cat Food Beef Mince 400g Can,$2.60,$0.65 / 100G
Breeders Choice Paper Cat Litter 24l,$22.00,$0.92 / 1L
Whiskas 1+ Years Wet Cat Food Chicken Mince 400g Can,$2.60,$0.65 / 100G
Pedigree Dentastix Large Dog Dental Treat 7 Pack,$6.50,$0.93 / 1EA
Rufus & Coco Cat Litter Plant Powered 3.7kg,$21.00,$5.68 / 1KG
The Pet Cartel Cuddle Bear With Small Rope Dog Toy Each,$14.00,$14.00 / 1EA
Bird Munchies Parrot Treat Parrot & Peachface Blend 90g,$2.30,$2.56 / 100G
Farmers Market Adult Dry Dog Food Beef With Airdried Inclusions 2.2kg,$21.00,$0.95 / 100G
Frankie & Friends Gourmet Parrot Treat 90g,$2.00,$2.22 / 100G
Nerf Blaster And Balls Dog Toy Set Each,$25.00,$25.00 / 1EA
Open Paddock Kibble Puppy Food Chicken 2.5kg,$25.00,$1.00 / 100G
PaWz 400pc Puppy Pet Dog Indoor Cat Toilet Training Pads Absorbent Pink 60x60cm,$99.00,
Rufus & Coco Pet Grooming Nail Clippers & File Each,$16.00,$16.00 / 1EA
i.Pet Cat Tree 180cm Scratching Post Scratcher Tower Condo House Furniture Wood Beige,$105.95,
Charlie's High Walled Outdoor Trampoline Dog Bed Grey Large,$79.00,
Enhance Supernutrition Pasture Raised Beef Heart Treats 50g,$10.00,$20.00 / 100G
Lion King Simba Plush Dog Toy Each,$25.00,$25.00 / 1EA
Paws & Claws Cat Litter Scoop Assorted,$11.70,$11.70 / 1EA
Paws & Claws Grooming Nail Scissors 13cm,$12.60,$12.60 / 1EA
Andala Pets Sliding Door Dog Insert - Bulldog,$1095.00,
Bow Wow Treat Pig Ears Longer Chew 300g,$22.00,$7.33 / 100G
Farmers Market Adult Dry Dog Food Chicken W Airdried Inclusions 2.2kg,$21.00,$0.95 / 100G
Superior Pet Goods 100 x 69cm Large Heavy Duty Flea Free Pet Bed Frame Cover,$42.00,
Andala Pets Gentle Giant Pet Wagon Stroller,$349.00,
Fancy Feast Seafood Grilled Collection 24 Pack 85g,$36.00,$1.50 / 1EA
Nerf Mega Tough Dog Toy Bone Each,$18.00,$18.00 / 1EA
PaWz Cat Tree Scratching Post Pet Scratcher Condo Tower Furniture 140cm Grey,$99.00,
V.i.p Chunkers Adult Chilled Fresh Dog Food Lamb & Veges Meatball 1kg,$6.00,$0.60 / 100G
Pedigree Dentastix Large Dental Dog Treat 28 Pack,$15.50,$0.55 / 1EA
V.i.p Chunkers Adult Chilled Fresh Dog Food Chicken&egg Meatballs 1kg,$6.00,$0.60 / 100G
Essentials Cat Litter Clay Clumping 4.5kg,$3.50,$0.78 / 1KG
Whiskas 1+ Years Wet Cat Food Beef Mince 400g Can,$2.60,$0.65 / 100G
Breeders Choice Paper Cat Litter 24l,$22.00,$0.92 / 1L
Whiskas 1+ Years Wet Cat Food Chicken Mince 400g Can,$2.60,$0.65 / 100G
Pedigree Dentastix Large Dog Dental Treat 7 Pack,$6.50,$0.93 / 1EA
PaWz Cat Tree Scratching Post Scratcher Tower Condo House Furniture with Hanging Toys 210cm Grey Colour,$99.00,
Total Care Tasty Chew Heartwormer & Allwormer For Small Dogs 3 Pack,$36.00,$12.00 / 1EA
Andala Pets Livestock Water Trough - Round 2000Ltr,$1099.00,$0.55 / 1L
Furwear Rounded Trimming Dog Scissors,$20.00,$20.00 / 1EA
Oakwood Deep Clean Shampoo For Double Coats With Tea Tree Oil 280ml,$11.00,$3.93 / 100ML
Optimum Skin & Coat With Turkey 3kg,$22.00,$0.73 / 100G
Paws & Claws 1.7M Giant Cat Tree Play House,$116.10,
Paws & Claws Toilet Training Tray,$20.70,$20.70 / 1EA
The Pet Cartel Play N Chirp Bird Cat Toy Each,$10.00,$10.00 / 1EA
Total Care Tasty Chew Heartwormer & Allwormer For Large Dogs 3 Pack,$44.00,$14.67 / 1EA
Charlie's Raised Wooden Dog Feeder With Porcelain Bowls Brown/White Large,$99.00,
Enhance Supernutrition Pasture Raised Beef Livers 50g,$10.00,$20.00 / 100G
Fancy Feast Delights With Cheddar Grilled Collection 24 Pack,$36.00,$1.50 / 1EA
Nerf Air Strike Launcher Dog Toy Set Each,$20.00,$20.00 / 1EA
Open Paddock Beef Jerky Strips 100g,$6.80,$6.80 / 100G
Open Paddock Beef Kibble & Air Dried Meat Dog Food 2.5kg,$25.00,$1.00 / 100G
Open Paddock Beef Kibble & Air Dried Meat Dog Food 6kg,$48.00,$0.80 / 100G
Paws And Claws Clean Up Bags Value Pack 8 Rolls / 160 Bags Assorted,$13.50,
TheNapBed Human Size Pet Bed Fluffy Calming Portable Napping Mattress Sofa Pad Nap Bed 180x140cm Charcoal,$199.00,
30pc M-Pets 60x60cm Puppy/Dog Toilet Training Pads,$28.00,$0.93 / 1EA
Andala Pets Large Raised Single Bay Dog Kennel,$1250.00,
Doggylicious Dog Treat Drops Yoghurt 1kg,$25.00,
Exelpet Ezy Dose Heartwormer & Intestinal Allwormer For Dogs 4 Pack,$26.00,$6.50 / 1EA
V.i.p Chunkers Adult Chilled Fresh Dog Food Lamb & Veges Meatball 1kg,$6.00,$0.60 / 100G
Pedigree Dentastix Large Dental Dog Treat 28 Pack,$15.50,$0.55 / 1EA
V.i.p Chunkers Adult Chilled Fresh Dog Food Chicken&egg Meatballs 1kg,$6.00,$0.60 / 100G
Essentials Cat Litter Clay Clumping 4.5kg,$3.50,$0.78 / 1KG
Whiskas 1+ Years Wet Cat Food Beef Mince 400g Can,$2.60,$0.65 / 100G
Breeders Choice Paper Cat Litter 24l,$22.00,$0.92 / 1L
Whiskas 1+ Years Wet Cat Food Chicken Mince 400g Can,$2.60,$0.65 / 100G
Pedigree Dentastix Large Dog Dental Treat 7 Pack,$6.50,$0.93 / 1EA
Gourmet Delight Cat Food Poultry Feast 12 Pack 960g,$12.00,$1.25 / 100G
Nerf 3 Ring Tug Dog Toy Each,$18.00,$6.00 / 1EA
Paws And Claws Alien Invasion Pet Dog Toy Rocket Ship 30x18x9cm 2PK,$23.40,
Rufus & Coco Chew Stopper 250mL,$15.50,$6.20 / 100ML
The Pet Cartel Feather Teaser Cat Toy Each,$10.00,$10.00 / 1EA
Total Care Tasty Chew Heartwormer & Allwormer For Medium Dogs 3 Pack,$39.00,$13.00 / 1EA
Andala Pets Drool by Dr Chris Brown Dog Training Treats,$24.99,
Animals Like Us Grass-fed Lamb Dog Treats 40g,$10.00,$25.00 / 100G
Exelpet Spot On Flea Control For Cats & Kittens Each,$20.00,$20.00 / 1EA
Mayver's Peanut Butter For Dogs 350g,$6.00,$1.71 / 100G
Nerf Scentology Dog Toy Bone Each,$17.00,$17.00 / 1EA
PaWz Enclosed Hooded Cat Litter Box Furniture Kitty Toilet Tray Pet House Table,$143.00,$143.00 / 1EA
Paws & Claws Pet/Dog Stainless Steel Bowl Speckled Gunmetal 21cm/1.5L,$15.30,$15.30 / 1EA
Space Vac Travel Vacuum-Seal Storage Bags 4 Pack,$33.00,$8.25 / 1EA
Andala Pets Weatherproof Cat House Apartment,$372.00,
Charlie's Bamboo Dog Feeder With Stainless Steel Bowls Natural Large,$89.00,
Charlie's Elevated Steel Hammock Cooling Dog Bed with Gel Mat Grey 67.5x49.2x16.5cm,$69.00,
Charlie's Extra Ufo Cat Tree Tower With Nest And Hammock Dark Grey 59x59x151cm,$199.00,
Doctor B's Barf Beef Meatballs For Dogs Frozen 400g,$7.00,$1.75 / 100G
Mimi & Munch Dog Peanut Butter Mixed Flavours Bundle 300ml x 3 Jars,$56.98,$6.33 / 100ML
Oakwood My First Pet Shampoo Puppy & Kitten 280ml Concentrate,$15.30,$54.64 / 1L
Rubies Paw Print Boy Pet Birthday Hat Dog Costume - Size M-L,$18.00,
"Smiley Dog Organic Seaweed & Minerals Shampoo, Conditioner & Cologne (250ml, 250ml, 30ml)",$42.99,$37.71 / 500ML
V.i.p Chunkers Adult Chilled Fresh Dog Food Lamb & Veges Meatball 1kg,$6.00,$0.60 / 100G
Pedigree Dentastix Large Dental Dog Treat 28 Pack,$15.50,$0.55 / 1EA
V.i.p Chunkers Adult Chilled Fresh Dog Food Chicken&egg Meatballs 1kg,$6.00,$0.60 / 100G
Essentials Cat Litter Clay Clumping 4.5kg,$3.50,$0.78 / 1KG
Whiskas 1+ Years Wet Cat Food Beef Mince 400g Can,$2.60,$0.65 / 100G
Breeders Choice Paper Cat Litter 24l,$22.00,$0.92 / 1L
Whiskas 1+ Years Wet Cat Food Chicken Mince 400g Can,$2.60,$0.65 / 100G
Pedigree Dentastix Large Dog Dental Treat 7 Pack,$6.50,$0.93 / 1EA
Total Care Freezeable Shark Dog Toy Assorted Each,$13.60,$13.60 / 1EA
i.Pet Cat Tree 123cm Scratching Post Scratcher Tower Wood Condo Toys Bed,$106.95,$106.95 / 1EA
Andala Pets Master Tub Trough 1200Ltr,$1250.00,$1.04 / 1L
Annabel Trends Hanging Bamboo Bird House Cream 20cm,$26.95,
Charlie's Dog Gravity Water Feeder With Food Bowl Pink 31x15x21cm,$39.00,$39.00 / 1EA
Charlie's Highest Cat Tree Tower With Snuggle Nest Dark Grey Black 48.5x48.5x142cm,$184.00,
Dynamic Power Aquarium Fish Tank 39L Starfire Glass,$155.90,
Frankie & Friends Recycled Plastic Dog Tidy Bags With Dispenser 2 X 20 Pack,$5.99,$3.00 / 1EA
Nature's Gift Real Chicken Dog Loaf 24 X 100g,$26.00,$1.08 / 100G
Nestle Fancy Feast Adult Classic Poultry & Beef Pate Collection,$36.00,$1.50 / 1EA
Open Paddock Beef Broth Bones 7 Pack,$8.00,$1.14 / 1EA
Paws & Claws Plush Tomato Sauce Bottle 20x8cm,$13.50,
Premiyum Free Range Meaty Pork Bones Dog Food 3 Pack,$6.50,$0.65 / 100G
TV Shop True Touch 2 Sided Pet Grooming Glove,$21.60,$21.60 / 1EA
i.Pet Chicken Coop Large Metal Rabbit Hutch Waterproof Pet House 155cm x 60cm x 90cm,$168.95,
Charlie's Elevated Steel Hammock Cooling Dog Bed with Gel Mat Grey 91.5x63.5x20cm,$99.00,
Charlie's Raised Wooden Dog Feeder With Porcelain Bowls Brown/White Small,$79.00,
Charlie's Trampoline Hammock Bed Green Extra Large,$69.00,
Dynamic Power Aquarium Fish Tank 70L Starfire Glass,$226.90,
Lion King Pumbaa Dog Toy Each,$21.00,$21.00 / 1EA
PaWz 7L Automatic Pet Feeder Dog Cat Auto Smart Food Dispenser Adjustable Height,$118.00,
PaWz Elevated Pet Bed Dog Puppy Cat Trampoline Hammock Raised Heavy Duty Grey L,$67.00,
Paws & Claws Footy Oxford Rope Tugger 75X25X20cm,$18.00,
Paws & Claws Savoy S/Steel Pet Bowl Assorted 800ml 16x5.5cm,$14.40,
V.i.p Chunkers Adult Chilled Fresh Dog Food Lamb & Veges Meatball 1kg,$6.00,$0.60 / 100G
Pedigree Dentastix Large Dental Dog Treat 28 Pack,$15.50,$0.55 / 1EA
V.i.p Chunkers Adult Chilled Fresh Dog Food Chicken&egg Meatballs 1kg,$6.00,$0.60 / 100G
Essentials Cat Litter Clay Clumping 4.5kg,$3.50,$0.78 / 1KG
Whiskas 1+ Years Wet Cat Food Beef Mince 400g Can,$2.60,$0.65 / 100G
Breeders Choice Paper Cat Litter 24l,$22.00,$0.92 / 1L
Whiskas 1+ Years Wet Cat Food Chicken Mince 400g Can,$2.60,$0.65 / 100G
Pedigree Dentastix Large Dog Dental Treat 7 Pack,$6.50,$0.93 / 1EA
Paws & ClawsPet Water Dispenser - Assorted 3.8L,$20.70,
Vetalogica Chicken Cat Food 1.5kg,$26.00,$1.73 / 100G
"i.Pet 48"" Dog Cage Pet Crate Puppy Foldable Metal Kennel Portable 3 Doors XXL",$93.95,
i.Pet Premium Cat Tree 145cm Trees Scratching Post Scratcher Tower Condo House Furniture,$138.95,
Andala Pets Master Tub Trough 4500Ltr,$2199.00,$0.49 / 1L
Charlie's Colour Tv Cat Tree Scratching Post Grey,$39.95,
Furwear Slicker Brush For Pets Small Grey,$21.00,$21.00 / 1EA
Oh Crap Compostable/Biodegradable Dog Poop Bags 60pc - 23 x 33cm,$19.95,$0.33 / 1EA
Open Paddock Digestive Health Meaty Topper Dog Food 400g,$18.00,$4.50 / 100G
PaWz Pet Bed Dog Beds Bedding Sleeping Non-toxic Heavy Trampoline Grey XL,$69.00,
Paws & Claws Gamer Controller 22cm Plush Toy,$15.30,
Paws & Claws Savoy S/Steel Pet Bowl Assorted 400ml 12.5x4cm,$13.50,
Purina Totalcare Deodorising Shampoo For Dogs 350ml,$16.00,$4.57 / 100ML
Rufus & Coco Designer Cat Collar Assorted Each,$14.50,$14.50 / 1EA
Rufus & Coco Flea Flee Dog Treatment Shampoo 200ml,$15.50,$7.75 / 100ML
TODO Automatic Pet Feeder with Water Fountain 6 Meal Dog Cat Food Bowl Timer,$99.00,
Tetra Tetramin Optimal Health Top/Mid Feeder Tropical Fish Food/Flakes 200g,$46.00,$46.00 / 1EA
Total Care Heartwormer Allwormer & Flea Control Chew For Medium Dog Each,$28.50,$28.50 / 1EA
Andala Pets 90Ltr Stable Drinker With Float & Brackets,$350.00,$0.39 / 100ML
Andala Pets Insulated Dog Kennel,$999.00,
Bentopal Colourful LED Roly Poly Electric Cat Toy,$36.00,
Bird Munchies Gourmet Cockatiel Blend 1kg,$5.80,$0.58 / 100G
Charlie's Reversible Faux Fur Winter Dog Blanket Blue & Grey Large,$34.00,
Charlie's Trampoline Hammock Bed Green Large,$59.00,
V.i.p Chunkers Adult Chilled Fresh Dog Food Lamb & Veges Meatball 1kg,$6.00,$0.60 / 100G
Pedigree Dentastix Large Dental Dog Treat 28 Pack,$15.50,$0.55 / 1EA
V.i.p Chunkers Adult Chilled Fresh Dog Food Chicken&egg Meatballs 1kg,$6.00,$0.60 / 100G
Essentials Cat Litter Clay Clumping 4.5kg,$3.50,$0.78 / 1KG
Whiskas 1+ Years Wet Cat Food Beef Mince 400g Can,$2.60,$0.65 / 100G
Breeders Choice Paper Cat Litter 24l,$22.00,$0.92 / 1L
Whiskas 1+ Years Wet Cat Food Chicken Mince 400g Can,$2.60,$0.65 / 100G
Pedigree Dentastix Large Dog Dental Treat 7 Pack,$6.50,$0.93 / 1EA
V.i.p Chunkers Adult Chilled Fresh Dog Food Lamb & Veges Meatball 1kg,$6.00,$0.60 / 100G
Pedigree Dentastix Large Dental Dog Treat 28 Pack,$15.50,$0.55 / 1EA
V.i.p Chunkers Adult Chilled Fresh Dog Food Chicken&egg Meatballs 1kg,$6.00,$0.60 / 100G
Essentials Cat Litter Clay Clumping 4.5kg,$3.50,$0.78 / 1KG
Whiskas 1+ Years Wet Cat Food Beef Mince 400g Can,$2.60,$0.65 / 100G
Breeders Choice Paper Cat Litter 24l,$22.00,$0.92 / 1L
Whiskas 1+ Years Wet Cat Food Chicken Mince 400g Can,$2.60,$0.65 / 100G
Pedigree Dentastix Large Dog Dental Treat 7 Pack,$6.50,$0.93 / 1EA
Purina Totalcare Everyday Cat Collar Assorted Each,$13.00,$13.00 / 1EA
Andala Pets Livestock Water Trough - Round 1000Ltr,$750.00,$0.75 / 1L
Andala Pets Outdoor Dog Run Kennel With Roof 200X200X135 Cm,$564.00,
Future Garden Fish Food for Native Fish [4kg] 4mm,$85.00,$2.13 / 100G
Hikari Blood Red Parrot + Pellets Medium 600g,$79.95,$13.33 / 100G
Hikari Blood Red Parrot + Pellets Mini 600g,$59.95,$9.99 / 100G
PaWz 4x Grass Potty Mat Dog Pad Training Pet Puppy Indoor Toilet Artificial Trainer Portable,$44.00,
PaWz Pet Bed Dog Beds Bedding Sleeping Non-toxic Heavy Trampoline Black XL,$69.00,
PaWz Pet Bed Dog Beds Bedding Sleeping Non-toxic Heavy Trampoline Grey M,$36.00,
Paws & Claws Pet/Dog Twiggies Snacks Oxford Tugger Toy w/ Rope Assorted 38cm,$15.30,
Paws & Claws Wolfson Basketball Plush Toy 15cm,$16.20,
Paws And Claws Jumbo Tennis Ball 10cm Assorted,$12.60,
Paws And Claws Pet Food Storerw/ Scoop 32L,$31.50,
Rosewood Chubleez Quackers Plush Dog/Pet Toy Grey,$23.00,
Rosewood Spiky Tiger Bal Dog/Pet Toy Red 8cm,$21.00,
"Smiley Dog Witch Hazel and Strawberry Grooming Pack - Pet Shampoo, Pet Conditioner, and Pet Cologne 3 Pack",$33.99,$33.99 / 1EA
Unicharm Ezi-Lockodour Absorbent Disposable Cat Pads f/ Dual Layer Litter System 4PK,$21.00,$5.25 / 1EA
Andala Pets Hydraulic Bath Grooming Table For Dogs Pets,$699.00,$699.00 / 1EA
Charlie's Crown Dog Sofa Charcoal,$199.00,
Charlie's Extendable Safety Dog Gate White,$139.00,
Enhance Supernutrition Probiotic Calcium Drops 50g,$10.00,$20.00 / 100G
Lenoxx Smart Pet Food Feeder,$114.30,
"Mimi & Munch Wheat Free, Natural Baked Biscuits Everyday Wellness Box - 180g x 4 Pack",$80.00,$10.00 / 100G
Nerf Launching Duck Dog Toy Each,$14.00,$14.00 / 1EA
V.i.p Chunkers Adult Chilled Fresh Dog Food Lamb & Veges Meatball 1kg,$6.00,$0.60 / 100G
Pedigree Dentastix Large Dental Dog Treat 28 Pack,$15.50,$0.55 / 1EA
V.i.p Chunkers Adult Chilled Fresh Dog Food Chicken&egg Meatballs 1kg,$6.00,$0.60 / 100G
Essentials Cat Litter Clay Clumping 4.5kg,$3.50,$0.78 / 1KG
Whiskas 1+ Years Wet Cat Food Beef Mince 400g Can,$2.60,$0.65 / 100G
Breeders Choice Paper Cat Litter 24l,$22.00,$0.92 / 1L
Whiskas 1+ Years Wet Cat Food Chicken Mince 400g Can,$2.60,$0.65 / 100G
Pedigree Dentastix Large Dog Dental Treat 7 Pack,$6.50,$0.93 / 1EA
Open Paddock Natural Skins Wild Kangaroo Strips Each,$13.00,$2.60 / 1EA
PaWz Pet Bed Set Dog Cat Quilted Blanket Squeaky Toy Calming Warm Soft Grey L,$56.00,
Paws & Claws Elevated Sofa Pet Bed Medium 64.5x49x38.5cm,$78.30,
Paws & Claws Mutt Milk Plush Dog Toy - Coffee,$15.30,
Paws And Claws 30pc Puppy/Dog/Pet Training Pads Antibacterial 60x60cm,$20.70,$0.69 / 1EA
Petkit 8PK Dog Waste Bag Replacement Degradable Pet Poo Pick Up Garbage Bags Refill,$18.90,$18.90 / 1EA
Pets Own Chicken Sticks Healthy Tasty Dog Treats 5pc,$19.00,$3.80 / 1EA
i.Pet Bird Cage Pet Cages Aviary 173CM Large Travel Stand Budgie Parrot Toys,$210.95,
i.Pet Cat Tree Trees Scratching Post 92cm Sisal Scratcher Tower Condo House Tall,$59.95,$59.95 / 1EA
i.Pet Pet Carrier Soft Crate Dog Cat Travel Portable Collapsible Car Handbag XL Soft-Sided,$55.95,$55.95 / 1EA
100PK Paws & Claws Scented Puppy Clean Up Bags,$13.50,
10PK Paws & Claws Kitty Litter Liners 72x30cm,$12.60,$1.26 / 1EA
3PK Paws & Claws Tennis Balls 6cm Printed Assorted,$12.60,
All Fur You Dog Portable Water Bottle Blue 300ml,$31.00,
Andala Pets Cat House Play Pen Enclosure,$899.00,
Andala Pets Livestock Tent - 3.7M X 3.7M,$55.00,
Andala Pets Poly Supa Trough 600Ltr,$1299.00,$2.17 / 1L
Andala Pets Sliding Door Pet Insert - Great Dane,$1059.00,
Andala Pets Sliding Door Pet Insert - Mastiff,$1059.00,
Andala Pets Water Trough With Float - 4 Litre Nylon,$109.00,$109.00 / 1EA
Blackdog Naturally Good Treats Chicken Skewers 10pc,$18.00,$1.80 / 1EA
Charlie's Dog Gravity Water Feeder With Food Bowl Blue 31x15x21cm,$39.00,$39.00 / 1EA
Charlie's Premium Faux Linen Dog Tipi Charcoal Extra Large,$34.95,
Dazy Dog Air Tag Holder,$19.99,$19.99 / 1EA
V.i.p Chunkers Adult Chilled Fresh Dog Food Lamb & Veges Meatball 1kg,$6.00,$0.60 / 100G
Pedigree Dentastix Large Dental Dog Treat 28 Pack,$15.50,$0.55 / 1EA
V.i.p Chunkers Adult Chilled Fresh Dog Food Chicken&egg Meatballs 1kg,$6.00,$0.60 / 100G
Essentials Cat Litter Clay Clumping 4.5kg,$3.50,$0.78 / 1KG
Whiskas 1+ Years Wet Cat Food Beef Mince 400g Can,$2.60,$0.65 / 100G
Breeders Choice Paper Cat Litter 24l,$22.00,$0.92 / 1L
Whiskas 1+ Years Wet Cat Food Chicken Mince 400g Can,$2.60,$0.65 / 100G
Pedigree Dentastix Large Dog Dental Treat 7 Pack,$6.50,$0.93 / 1EA
Exelpet Capstar Flea Treatment For Cat / Small Dog 6 Pack,$24.00,$4.00 / 1EA
Exelpet Vet Series Treatment Spot On Flea Small Dog 2 Pack,$30.50,$15.25 / 1EA
Hasbro Hungry Hippos Squeak & Crinkle Dog Toy Each,$15.00,$15.00 / 1EA
Inaba Pet Dog Treats Churu Puree Chicken w/ Tuna 56g 4pc,$15.00,
M-PETS Rubeaz 2 In 1 Soap Dispenser & Massage Brush Green,$19.00,$19.00 / 1EA
Mimi & Munch Dog Peanut Butter Bites Bundle 2 x 150g,$45.95,$15.32 / 100G
Nerf Trackshot Flyer,$20.00,
Oakwood Gentle Shampoo For Short Coats With Oatmeal & Aloe Vera 280ml,$11.00,$3.93 / 100ML
Paws & Claws 120cm Colourful P.U & Nylon Leads - Assorted,$14.40,$14.40 / 1EA
Paws & Claws BooBone Branch Chew Toy - Aussie BBQ,$14.40,
Paws & Claws Clean Up Bags + Dispenser 3 Rolls/60 Bags 31.5x22cm Printed Assorted,$12.60,
Paws & Claws Elevated Pet House W/Cushion - Large,$83.70,
Paws & Claws Icecream Twin Chew Dog Toy TPR Oxford Green 20x10x5cm 2pc,$16.20,
Paws & Claws Pet/Dog Toy Super Sports TPR Covered Oxford Basketball 15x4.5cm,$15.30,
Paws And Claws AntiAnt Double Pet Dog Bowl 27x16x4cm Dark Grey 2PK,$15.30,$7.65 / 1EA
Paws And Claws Dual Pet Food and Water Dispenser 2PK,$57.60,$28.80 / 1EA
Paws And Claws Melamine Pet/Dog/Cat 200ml/25cm Double Bowl - Grey 2PK,$16.20,$16.20 / 1EA
Pets Own Roo Sticks Healthy Tasty Dog Treats 5pc,$16.00,$3.20 / 1EA
Purina Totalcare Gentle Shampoo For Dogs 350ml,$16.00,$4.57 / 100ML
Purina Wind Me Up Mouse For Cats Each,$13.00,$13.00 / 1EA
Royale Pet Choker Chain 50cm,$16.00,$16.00 / 1EA
Rufus & Coco Laser Mouse Cat Toy Each,$11.00,$11.00 / 1EA
Smiley Dog Witch Hazel and Strawberry Pet Cologne 125 ml,$22.99,$18.39 / 100ML
Smiley Dog Witch Hazel and Strawberry Pet Shampoo 500 ml,$33.99,$6.80 / 100ML
V.i.p Chunkers Adult Chilled Fresh Dog Food Lamb & Veges Meatball 1kg,$6.00,$0.60 / 100G
Pedigree Dentastix Large Dental Dog Treat 28 Pack,$15.50,$0.55 / 1EA
V.i.p Chunkers Adult Chilled Fresh Dog Food Chicken&egg Meatballs 1kg,$6.00,$0.60 / 100G
Essentials Cat Litter Clay Clumping 4.5kg,$3.50,$0.78 / 1KG
Whiskas 1+ Years Wet Cat Food Beef Mince 400g Can,$2.60,$0.65 / 100G
Breeders Choice Paper Cat Litter 24l,$22.00,$0.92 / 1L
Whiskas 1+ Years Wet Cat Food Chicken Mince 400g Can,$2.60,$0.65 / 100G
Pedigree Dentastix Large Dog Dental Treat 7 Pack,$6.50,$0.93 / 1EA
Superior Pet Goods Essentials Heavy Base Pet/Dog/Cat Food Bowl Matte Black 21cm,$22.00,$22.00 / 1EA
Superior Pet Goods Ortho Mat Snuggly Sherpa Grey Medium Pet/Dog Bed,$43.00,
Tails Rectangle Fluffy Pet Bed - Charcoal,$29.00,
Total Care Dog Shampoo Flea Control 350ml,$13.60,$3.89 / 100ML
Touchdog Fruity Series Premium Designer Oval Pet Bed Strawberry,$59.95,
Andala Pets Electric Fence Mesh,$559.00,$55.90 / 100ML
Andala Pets Monkee Tree - The Scalable Cat Climbing Ladder - 2 Branch Kit,$225.00,
Andala Pets Monkee Tree Cat Climbing Ladder - 18 Trunk Starter Kit,$112.00,
Andala Pets Outdoor Dog Run Kennel,$899.00,
Andala Pets Schmackos Snacks Strapz Beef 1kg,$59.00,
Andala Pets Sliding Door Pet Insert - Greyhound,$999.00,
Andala Pets Sliding Door Pet Insert - St. Bernard,$999.00,
Andala Pets Whiskas Adult Beef & Lamb Dry Cat Food 12kg,$165.00,$165.00 / 1EA
CATIO INTAGE Solid Wood Cat Climbing Tree Post Scratcher 176cm,$469.00,
Charlie's Snookie Hooded Calming Dog Bed Espresso/Latte Large,$89.00,
Charlie's Snookie Hooded Calming Dog Bed Iced Coffee Brown Large,$89.00,
Doctor B's Barf Frozen Kangaroo Tail Bones Adult Dog Treats 6 Pack,$18.00,$3.00 / 1EA
Exelpet Vet Series Treatment Spot On Flea Large Dog 2 Pack,$35.00,$17.50 / 1EA
M-Pets Green Bazooka Pets Dog's Ball Launcher,$45.00,
Menudogg Silky Pawz Dog Paw Balm,$19.99,$39.98 / 100G
Mimi & Munch Natural Bambi's Peanut Butter X 2 Jars 300ml,$41.95,$6.99 / 100ML
"Mimi & Munch Wheat Free, Natural Baked Biscuits - Liver Lover 180g x 2 bags",$39.98,$11.11 / 100G
Nude Pets All Natural Kangaroo Sprinkles Pet Treats 100g,$20.00,$20.00 / 100G
Oakwood My First Pet Shampoo Puppy & Kitten Concentrate 280ml 2PK,$20.70,$10.35 / 1EA
V.i.p Chunkers Adult Chilled Fresh Dog Food Lamb & Veges Meatball 1kg,$6.00,$0.60 / 100G
Pedigree Dentastix Large Dental Dog Treat 28 Pack,$15.50,$0.55 / 1EA
V.i.p Chunkers Adult Chilled Fresh Dog Food Chicken&egg Meatballs 1kg,$6.00,$0.60 / 100G
Essentials Cat Litter Clay Clumping 4.5kg,$3.50,$0.78 / 1KG
Whiskas 1+ Years Wet Cat Food Beef Mince 400g Can,$2.60,$0.65 / 100G
Breeders Choice Paper Cat Litter 24l,$22.00,$0.92 / 1L
Whiskas 1+ Years Wet Cat Food Chicken Mince 400g Can,$2.60,$0.65 / 100G
Pedigree Dentastix Large Dog Dental Treat 7 Pack,$6.50,$0.93 / 1EA
PaWz Pet Sofa Bed Dog Warm Soft Lounge Couch Soft Removable Cushion Chair Large,$197.95,
Paws & Claws Cat Litter Tray - Assorted,$13.50,$13.50 / 1EA
Paws & Claws Clean Up Bags + Dispenser 6 Rolls/120 Bags 31.5X22cm Printed Assorted,$13.50,
Paws And Claws Jumbo Bone Sherpa Plush Dog/Pet Toy 35x23x8cm Assorted,$15.30,
Paws And Claws Pet Food Storer Container 44x30.5cm/20L 2pc,$42.30,$21.15 / 1EA
Rosewood 40 Winks Dog Sleeper Marine Check Oval Pet/Dog Bed 63cm,$53.00,
Smiley Dog Goats Milk and Vanilla Pet Shampoo 500 ml,$36.99,$7.40 / 100ML
Super Natural Dental Care Daily Dental Chews Dog Treats 510g,$19.00,$3.80 / 100G
Taf Toys Kimmy Koala Wonder Tissue Box,$44.99,
Total Care Heartwormer Allwormer & Flea Control Chew For Small Dog Each,$26.50,$26.50 / 1EA
i.Pet Cat Tree 103cm Tower Scratching Post Scratcher Wood Condo House Bed Trees,$80.95,$80.95 / 1EA
i.Pet Pet Dog Ramp Deluxe Telescoping Aluminium Car Truck Ladder Step Foldable,$113.95,
i.Pet Pet Stroller Dog Cat Cage Carrier Travel Pushchair Foldable 3 IN 1 Seat,$99.95,
i.Pet Pet Training Pads 200 Puppy Dog Cat Toilet Indoor 60x60cm Super Absorbent,$50.95,
Andala Pets Classic Triple Outdoor / Indoor Portable Cat Net Enclosure,$1699.00,
Andala Pets Harmony Lorikeet And Honeyeater Mix 2kg,$59.00,
Andala Pets Sliding Door Pet Insert - Whippet,$950.00,
Andala Pets Solid Pine Chicken Coop,$299.00,
Charlie's Biodegradable Dog Poo Bag Dispensers With Free Bag Dispenser 480 Bags,$39.00,$487.50 / 1EA
Charlie's Biodegradable Dog Poo Bag Dispensers With Free Bag Dispenser 960 Bags,$69.00,
Charlie's Dog Tipi Grey Wave Extra Large,$34.95,
Charlie's High Walled Outdoor Trampoline Dog Bed Black Large,$79.00,
Charlie's Premium Faux Linen Dog Tipi Charcoal Medium,$24.95,
Charlie's Reversible Faux Fur Winter Dog Blanket Blue & Grey Small,$24.00,
V.i.p Chunkers Adult Chilled Fresh Dog Food Lamb & Veges Meatball 1kg,$6.00,$0.60 / 100G
Pedigree Dentastix Large Dental Dog Treat 28 Pack,$15.50,$0.55 / 1EA
V.i.p Chunkers Adult Chilled Fresh Dog Food Chicken&egg Meatballs 1kg,$6.00,$0.60 / 100G
Essentials Cat Litter Clay Clumping 4.5kg,$3.50,$0.78 / 1KG
Whiskas 1+ Years Wet Cat Food Beef Mince 400g Can,$2.60,$0.65 / 100G
Breeders Choice Paper Cat Litter 24l,$22.00,$0.92 / 1L
Whiskas 1+ Years Wet Cat Food Chicken Mince 400g Can,$2.60,$0.65 / 100G
Pedigree Dentastix Large Dog Dental Treat 7 Pack,$6.50,$0.93 / 1EA
