Product Name,Price,Price per Unit
Petaluma Croser Sparkling Vintage 750ml,$48.00,
Brand's Laira Coonawarra Blockers Cabernet Sauvignon 750ml,$25.00,
Arras Non Vintage Premium Cuvee 750ml,$27.00,
Peter Lehmann Shiraz 750ml,$20.00,
Smirnoff Red Vodka 1l,$75.00,
Riverside Landing Sauvignon Blanc 750ml,$4.50,
Smirnoff Red Vodka 700ml,$44.00,
Absolut Vodka 1l,$72.00,
Ruskov Vodka 700ml,$45.00,
Yellowglen Colours Sparkling Yellow Non Vintage 750ml,$9.00,
Yellow Tail Sparkling Bubbles 750ml,$8.00,
Berri Estates Cask Wine Dry White 5l,$22.00,
Berri Estates Cask Wine Dolce Rosso 5l,$22.00,
Banrock Station Cask Wine Sauvignon Blanc 2l,$15.00,
Koa Cove Margaret River Semillion Sauvignon Blanc 750ml,$7.00,
Riverside Landing Shiraz 750ml,$4.50,
Annie's Lane Shiraz 750ml,$16.00,
Yellow Tail White Varietal Semillon Sauvignon Blanc 750ml,$8.00,
Xxxx Gold Mid Strength Lager Cans 375ml X 30 Case,$56.00,
Riverside Landing Chardonnay 750ml,$4.50,
Absolut Vodka 700ml,$50.00,
Chancellor & Co Sparkling Brut Cuvee Sparkling 750ml,$6.00,
Victoria Bitter Lager Bottles 375ml X 24 Case,$58.00,
Baily & Baily Silhouette Sauvignon Blanc 1l,$8.00,
Yellow Tail Shiraz 750ml,$8.00,
Gossips White Varietal Semillon Sauvignon Blanc 750ml,$5.50,
Victoria Bitter Lager Cans 375ml X 30 Case,$65.00,
Wolf Blass Sparkling Red Brut Chardonnay Pinot Nv 750ml,$9.00,
Chancellor & Co Shiraz 750ml,$5.00,
Tooheys New Lager Cans 375ml X 30 Case,$59.00,
Petaluma Croser Sparkling Vintage 750ml,$48.00,
Brand's Laira Coonawarra Blockers Cabernet Sauvignon 750ml,$25.00,
Arras Non Vintage Premium Cuvee 750ml,$27.00,
Peter Lehmann Shiraz 750ml,$20.00,
Smirnoff Red Vodka 1l,$75.00,
Riverside Landing Sauvignon Blanc 750ml,$4.50,
Smirnoff Red Vodka 700ml,$44.00,
Absolut Vodka 1l,$72.00,
Ruskov Vodka 700ml,$45.00,
Yellowglen Colours Sparkling Yellow Non Vintage 750ml,$9.00,
Yellow Tail Sparkling Bubbles 750ml,$8.00,
Berri Estates Cask Wine Dry White 5l,$22.00,
Berri Estates Cask Wine Dolce Rosso 5l,$22.00,
Banrock Station Cask Wine Sauvignon Blanc 2l,$15.00,
Koa Cove Margaret River Semillion Sauvignon Blanc 750ml,$7.00,
Riverside Landing Shiraz 750ml,$4.50,
Annie's Lane Shiraz 750ml,$16.00,
Yellow Tail White Varietal Semillon Sauvignon Blanc 750ml,$8.00,
Xxxx Gold Mid Strength Lager Cans 375ml X 30 Case,$56.00,
Riverside Landing Chardonnay 750ml,$4.50,
Absolut Vodka 700ml,$50.00,
Chancellor & Co Sparkling Brut Cuvee Sparkling 750ml,$6.00,
Victoria Bitter Lager Bottles 375ml X 24 Case,$58.00,
Baily & Baily Silhouette Sauvignon Blanc 1l,$8.00,
Yellow Tail Shiraz 750ml,$8.00,
Gossips White Varietal Semillon Sauvignon Blanc 750ml,$5.50,
Victoria Bitter Lager Cans 375ml X 30 Case,$65.00,
Wolf Blass Sparkling Red Brut Chardonnay Pinot Nv 750ml,$9.00,
Chancellor & Co Shiraz 750ml,$5.00,
Tooheys New Lager Cans 375ml X 30 Case,$59.00,
Grant Burge Classic Collection Shiraz 750ml,$11.00,
Squealing Pig Marlborough Sauvignon Blanc 750ml,$20.00,
St Hallett Faith Shiraz 750ml,$22.00,
Squealing Pig Pinot Noir Rose 750ml,$20.00,
Gossips Sauvignon Blanc 750ml,$5.50,
Rivka Premium Vodka Triple Distilled 700ml,$37.00,
Yellow Tail Rose Pink Bubbles 750ml,$8.00,
Baily & Baily Silhouette Rose 1l,$8.00,
1495 Scotch Whisky 700ml,$40.00,
Jacob's Creek Sauvignon Blanc 750ml,$8.00,
Tread Softly Rose 750ml,$13.00,
Yellow Tail Chardonnay 750ml,$8.00,
Penfolds Shiraz Koonunga Hill 750ml,$17.00,
Hardys Tintara Shiraz 750ml,$26.00,
Pepperjack Shiraz Barossa 750ml,$20.00,
Johnnie Walker Red Label Scotch Whisky 1l,$77.00,
Cat Amongst The Pigeons Shiraz 750ml,$21.00,
Johnnie Walker Red Label Scotch Whisky 700ml,$46.00,
Yalumba Y Series Pinot Grigio 750ml,$14.00,
Yellow Tail Pinot Grigio 750ml,$8.00,
Baily & Baily Silhouette Pinot Grigio 1l,$8.00,
Riverside Landing Cabernet Merlot 750ml,$4.50,
Wild Turkey Kentucky Bourbon Whiskey 1l,$82.00,
La Plancheliere Cabernet D'anjou Rose 750ml,$14.00,
Coopers Ultra Light 375ml X6 Pack,$9.75,$4.33 / 1L
Jose Cuervo Margarita Cocktail Mix 1l,$14.00,$14.00 / 1L
The Hills Cider Co Virgin Apple Cider Bottles 330ml X6 Pack,$13.00,$6.57 / 1L
Woolworths Home Brew Lager 1.7kg,$11.00,$6.47 / 1KG
Woolworths Homebrew Bottle Caps Crown Seals 100 Pack,$3.20,$0.03 / 1EA
Coopers Carbonated Drops 250g,$4.50,$18.00 / 1KG
Coopers Brew Enhancer No2 1kg,$10.00,$10.00 / 1KG
Coopers Pale Ale No1 Home Brew 1.7kg,$19.00,$11.18 / 1KG
O Vodka Triple Distilled 700ml,$46.00,
Koa Sauvignon Blanc 750ml,$7.00,
Golden Oak Sherry Sweet 750ml,$7.00,
Mishka Blue Vodka 700ml,$44.00,
Gerard Bertrand Côtes Des Roses Rosé 750ml,$23.00,
Chancellor & Co Rose 750ml,$5.00,
Grant Burge Barossa Ink Shiraz 750ml,$16.00,
Jacob's Creek Le Petit Rose 750ml,$18.00,
Oyster Bay Marlborough Sauvignon Blanc 750ml,$22.00,
Cupio Pinot Rose 750ml,$20.00,
Grant's Scotch Whisky 700ml,$51.00,
Tread Softly Pinot Grigio 750ml,$13.00,
Xxxx Gold Mid Strength Lager Bottles 375ml X 24 Case,$50.00,
Lulu Le Francais Rose 750ml,$14.00,
Sierra Tequila Silver 700ml,$54.00,
Tangaroa Sauvignon Blanc 750ml,$13.00,
Cleanskin Shiraz 750ml,$6.00,
Hardys Shiraz Stamp 1l,$10.00,
Hardys Stamp White Varietal Semillon Sauvignon Blanc 1l,$10.00,
Tempus Two Varietal Shiraz 750ml,$13.00,
Squealing Pig Marlborough Pinot Gris 750ml,$20.00,
Gossips Shiraz 750ml,$5.50,
Evans & Tate Classic White Varietal Semillion Sauvignon Blanc 750ml,$16.00,
Tooheys Extra Dry Lager Bottles 345ml X 24 Case,$56.00,
Coopers Ultra Light 375ml X6 Pack,$9.75,$4.33 / 1L
Jose Cuervo Margarita Cocktail Mix 1l,$14.00,$14.00 / 1L
The Hills Cider Co Virgin Apple Cider Bottles 330ml X6 Pack,$13.00,$6.57 / 1L
Woolworths Home Brew Lager 1.7kg,$11.00,$6.47 / 1KG
Woolworths Homebrew Bottle Caps Crown Seals 100 Pack,$3.20,$0.03 / 1EA
Coopers Carbonated Drops 250g,$4.50,$18.00 / 1KG
Coopers Brew Enhancer No2 1kg,$10.00,$10.00 / 1KG
Coopers Pale Ale No1 Home Brew 1.7kg,$19.00,$11.18 / 1KG
Marie Brizard Liqueur Triple Sec 500ml,$34.00,
Sonata Estate Cask Wine Fresh Dry White 4l,$10.00,
Cow Bombie Margaret River White Varietal Semillion Sauvignon Blanc 750ml,$18.00,
Chivas Regal Scotch Whisky 12 Years Old 700ml,$68.00,
Xxxx Summer Bright Lager Low Carb Bottles 330ml X 24 Case,$52.00,
Yellow Tail Merlot 750ml,$8.00,
Cow Bombie Shiraz Margaret River 750ml,$18.00,
Silver Moki Sauvignon Blanc 750ml,$9.50,
Victoria Bitter Lager Cans 375ml X 24 Case,$58.00,
Yellow Tail Sauvignon Blanc 750ml,$8.00,
Te Rua Bay Sauvignon Blanc 750ml,$20.00,
Golden Oak Sherry Dry 750ml,$7.00,
South Island Marlborough Sauvignon Blanc 750ml,$17.00,
Krondorf Shiraz Barossa 750ml,$20.00,
Tread Softly Pinot Noir 750ml,$13.00,
Winesmiths Premium Semillon Sauvignon Blanc 2l,$13.00,
Johnnie Walker Black Scotch Whisky 700ml,$55.00,
Tread Softly Sauvignon Blanc 750ml,$13.00,
Wild Turkey Kentucky Bourbon 86.8 Proof 700ml,$50.00,
Grey Goose Vodka 700ml,$72.00,
Yellowglen Colours Sparkling Yellow 65 Non Vintage 750ml,$9.00,
La Esencia Sangria 1l,$12.00,
19 Crimes Shiraz 750ml,$12.00,
Bundaberg Up Rum 1l,$63.00,
Coopers Ultra Light 375ml X6 Pack,$9.75,$4.33 / 1L
Jose Cuervo Margarita Cocktail Mix 1l,$14.00,$14.00 / 1L
The Hills Cider Co Virgin Apple Cider Bottles 330ml X6 Pack,$13.00,$6.57 / 1L
Woolworths Home Brew Lager 1.7kg,$11.00,$6.47 / 1KG
Woolworths Homebrew Bottle Caps Crown Seals 100 Pack,$3.20,$0.03 / 1EA
Coopers Carbonated Drops 250g,$4.50,$18.00 / 1KG
Coopers Brew Enhancer No2 1kg,$10.00,$10.00 / 1KG
Coopers Pale Ale No1 Home Brew 1.7kg,$19.00,$11.18 / 1KG
Tooheys New Lager Bottles 375ml X 24 Case,$56.00,
Tyrrell's Old Winery Verdelho 750ml,$15.00,
Yellowglen Sparkling Pink Nv 750ml,$9.00,
Stolichnaya Vodka 700ml,$52.00,
Jacob's Creek Shiraz 750ml,$8.00,
Annie's Lane Riesling 750ml,$16.00,
& Vodka 500ml,$37.00,
Smirnoff Ice Red Vodka Bottles 300ml X4 Pack,$21.00,
Yellow Tail Cabernet Sauvignon 750ml,$8.00,
Tempus Two Blanc De Blancs 750ml,$13.00,
Taylors Shiraz 750ml,$16.00,
Jamiesons Run Shiraz Billy's Shadow 750ml,$10.00,
Dimple Scotch Whisky 12 Years Old 700ml,$69.00,
John Tate Semillon Sauvignon Blanc 750ml,$9.00,
Tread Softly Prosecco 750ml,$13.00,
Cat Amongst The Pigeons Jazz Cat Barossa Rose Vintage 750ml,$21.00,
Winesmiths Premium Shiraz 2l,$13.00,
Little Giant Barossa Shiraz 750ml,$22.00,
Jacob's Creek Chardonnay 750ml,$8.00,
Espolon Tequila Blanco 700ml,$58.00,
Bundaberg Underproof Rum 700ml,$46.00,
Mcwilliam's Sherry Medium Dry 750ml,$10.00,
Mcwilliam's Shiraz On The Grapevine 750ml,$13.00,
Belle Fleur French Rose 750ml,$10.00,
Coopers Ultra Light 375ml X6 Pack,$9.75,$4.33 / 1L
Jose Cuervo Margarita Cocktail Mix 1l,$14.00,$14.00 / 1L
The Hills Cider Co Virgin Apple Cider Bottles 330ml X6 Pack,$13.00,$6.57 / 1L
Woolworths Home Brew Lager 1.7kg,$11.00,$6.47 / 1KG
Woolworths Homebrew Bottle Caps Crown Seals 100 Pack,$3.20,$0.03 / 1EA
Coopers Carbonated Drops 250g,$4.50,$18.00 / 1KG
Coopers Brew Enhancer No2 1kg,$10.00,$10.00 / 1KG
Coopers Pale Ale No1 Home Brew 1.7kg,$19.00,$11.18 / 1KG
Grey Goose Vodka 1l Bottle,$105.00,
Captain Morgan Spiced Rum 700ml,$46.00,
Captain Morgan Original Spiced Gold Rum 1l,$76.00,
Yalumba Y Series Riesling 750ml,$14.00,
Yellow Tail Big Bold Red 750ml Bottle,$8.00,
Lindeman's Eary Harvest White Varietal Semillon Sauvignon Blanc 750ml,$17.00,
Jacob's Creek Trilogy Sparkling Cuvee Brut Chardonnay 750ml,$16.00,
Mcwilliam's Sherry Royal Reserve Sweet 750ml,$10.00,
Cinzano Vermouth Rosso Sweet 1l,$20.00,
Hardys Stamp Sauvignon Blanc 1l,$10.00,
Baily & Baily Silhouette Chardonnay 1l,$8.00,
Winesmiths Premium Sauvignon Blanc 2l,$13.00,
Fifth Leg Devils Lair White Varietal 750ml,$14.00,
Jacob's Creek Riesling 750ml,$8.00,
Giesen Sauvignon Blanc 750ml,$19.00,
Jose Cuervo Especial Silver Tequila 700ml,$62.00,
Victoria Bitter Lager Stubbies 375ml X 6 Pack,$22.00,
Arrogant Frog Syrah Rose 750ml,$17.00,
Chapel Hill Shiraz 750ml,$15.00,
Grant Burge Sparkling Pinot Chardonnay 750ml,$20.00,
Baily & Baily Brut Cuvee Nv Silhoouette Series 1l,$8.00,
Wither Hills Sauvignon Blanc 750ml,$22.00,
Poliakov Vodka 1l,$60.00,
Chapel Hill Rose Mclaren Vale 750ml,$15.00,
Coopers Ultra Light 375ml X6 Pack,$9.75,$4.33 / 1L
Jose Cuervo Margarita Cocktail Mix 1l,$14.00,$14.00 / 1L
The Hills Cider Co Virgin Apple Cider Bottles 330ml X6 Pack,$13.00,$6.57 / 1L
Woolworths Home Brew Lager 1.7kg,$11.00,$6.47 / 1KG
Woolworths Homebrew Bottle Caps Crown Seals 100 Pack,$3.20,$0.03 / 1EA
Coopers Carbonated Drops 250g,$4.50,$18.00 / 1KG
Coopers Brew Enhancer No2 1kg,$10.00,$10.00 / 1KG
Coopers Pale Ale No1 Home Brew 1.7kg,$19.00,$11.18 / 1KG
Jose Cuervo Esp Gold Tequila 700ml,$62.00,
42 Below Pure Vodka 700ml,$65.00,
Kizakura Yamahai Sake 720ml,$26.00,
Woodstock Bourbon & Cola 4.8% Cans 10x375ml,$52.00,
Tread Softly Shiraz 750ml,$13.00,
Stella Artois Pilsner Bottles 330ml X 24 Case,$58.00,
Cinzano Vermouth Extra Dry 1l,$20.00,
Poliakov Vodka 700ml,$42.00,
Wild Turkey Honey Liqueur 700ml,$58.00,
Marlborough Sounds Sauvignon Blanc 750ml,$19.00,
Ciroc Vodka 750ml,$82.00,
Rabo De Gala Rose 750ml,$15.00,
Tempus Two Verdelho 750ml,$13.00,
Sapporo Premium Lager Beer Bottles 355ml X 24 Case,$65.00,
Koa Chardonnay Pinot Noir & Prosecco 750ml,$7.00,
Petaluma Croser Sparkling Non Vintage 750ml,$30.00,
Golden Oak Sherry Medium 750ml,$7.00,
Riddoch Shiraz 750ml,$20.00,
Tempus Two Cabernet Merlot 750ml,$13.00,
De Bortoli Rose Pale & Dry 750ml,$18.00,
Gossips Moscato Moscato Sweet Lips 750ml,$5.50,
Jacob's Creek Rose Cool Harvest Rose 750ml,$12.00,
Colonel & The Merchant Barossa Shiraz 750ml,$12.00,
Winesmiths Classic Dry White 2l,$13.00,
Coopers Ultra Light 375ml X6 Pack,$9.75,$4.33 / 1L
Jose Cuervo Margarita Cocktail Mix 1l,$14.00,$14.00 / 1L
The Hills Cider Co Virgin Apple Cider Bottles 330ml X6 Pack,$13.00,$6.57 / 1L
Woolworths Home Brew Lager 1.7kg,$11.00,$6.47 / 1KG
Woolworths Homebrew Bottle Caps Crown Seals 100 Pack,$3.20,$0.03 / 1EA
Coopers Carbonated Drops 250g,$4.50,$18.00 / 1KG
Coopers Brew Enhancer No2 1kg,$10.00,$10.00 / 1KG
Coopers Pale Ale No1 Home Brew 1.7kg,$19.00,$11.18 / 1KG
Coopers Ultra Light 375ml X6 Pack,$9.75,$4.33 / 1L
Jose Cuervo Margarita Cocktail Mix 1l,$14.00,$14.00 / 1L
The Hills Cider Co Virgin Apple Cider Bottles 330ml X6 Pack,$13.00,$6.57 / 1L
Woolworths Home Brew Lager 1.7kg,$11.00,$6.47 / 1KG
Woolworths Homebrew Bottle Caps Crown Seals 100 Pack,$3.20,$0.03 / 1EA
Coopers Carbonated Drops 250g,$4.50,$18.00 / 1KG
Coopers Brew Enhancer No2 1kg,$10.00,$10.00 / 1KG
Coopers Pale Ale No1 Home Brew 1.7kg,$19.00,$11.18 / 1KG
William Light Clare Valley Shiraz 750ml,$35.00,
Absolut Vanilia Vodka 700ml,$61.00,
Brown Brothers Prosecco 750ml,$20.00,
Penfolds Max's Shiraz 750ml,$25.00,
Grant's Scotch Whisky 1l,$60.00,
Gossips Chardonnay 750ml,$5.50,
Peter Lehmann The Barossan Shiraz 750ml,$25.00,
Yalumba Cask Wine Chardonnay 2l,$13.00,
En Saison Rose 750ml,$17.00,
Henkell Sparkling Trocken 750ml,$14.00,
Madfish Gold Turtle Semillon Sauvignon Blanc 750ml,$22.00,
19 Crimes Hard Chardonnay 750ml,$12.00,
Paradox Semillion Sauvignon Blanc 750ml,$16.00,
Sonata Estate Cask Wine Soft Dry Red 4l,$10.00,
Houghton Classic White Varietal 750ml,$13.00,
Jacob's Creek Sparkling Chardonnay Pinot Noir 750ml,$13.00,
Villa Maria Private Bin Sauvignon Blanc 750ml,$22.00,
Bacardi Rum 700ml,$49.00,
Hahn Superdry Low Carb Lager Bottles 330ml X 24 Case,$55.00,
Hardys Stamp Cabernet Sauvignon 1l,$10.00,
Somersby Apple Cider Cans 10x375ml Pack,$27.00,
Chancellor & Co Sauvignon Blanc 750ml,$5.00,
Lindeman's Chardonnay Bin 65 Chardonnay 750ml,$8.00,
Gerard Bertrand Cote Des Roses 375ml,$20.00,
Coopers Ultra Light 375ml X6 Pack,$9.75,$4.33 / 1L
Jose Cuervo Margarita Cocktail Mix 1l,$14.00,$14.00 / 1L
The Hills Cider Co Virgin Apple Cider Bottles 330ml X6 Pack,$13.00,$6.57 / 1L
Woolworths Home Brew Lager 1.7kg,$11.00,$6.47 / 1KG
Woolworths Homebrew Bottle Caps Crown Seals 100 Pack,$3.20,$0.03 / 1EA
Coopers Carbonated Drops 250g,$4.50,$18.00 / 1KG
Coopers Brew Enhancer No2 1kg,$10.00,$10.00 / 1KG
Coopers Pale Ale No1 Home Brew 1.7kg,$19.00,$11.18 / 1KG
Mcwilliam's Cream Apera 750ml,$10.00,
Red Knot Red Knot Shiraz 750ml,$17.00,
Tempus Two Tempranillo 750ml,$13.00,
Chancellor & Co Moscato 750ml,$5.00,
Sonata Estate Cask Wine Soft Fruity White 4l,$10.00,
Vodka Cruiser Mixed Pack 275ml X10 Pack,$40.00,
Pierre Brevin Cabernet Franc Rose Each,$12.00,
Tequila 125 Tequila 700ml,$49.00,
Taylors Reserve Shiraz 750ml,$29.00,
Cape Campbell Marlborough Sauvignon Blanc Marlborough 750ml,$20.00,
Woodstock Bourbon & Cola 12% Cans 200ml X4 Pack,$29.00,
Jim Barry Riesling Watervale Riesling 750ml,$24.00,
Gossips White Varietal Moscato Pink 750ml,$5.50,
Henkell Trocken Sparkling Piccolo 3x200ml,$17.00,
Mcallister Scotch Whisky 1l,$63.00,
Yellowglen Sparkling Jewel Pink Nv 750ml,$9.00,
Annie's Lane Cabernet Merlot 750ml,$16.00,
Lindeman's Early Harvest White Varietal Crisp Dry 750ml,$17.00,
Madfish Shiraz Gold Turtle 750ml,$22.00,
Jacob's Creek Double Barrel Shiraz 750ml,$20.00,
Buckeye Dark Rum 150ml,$16.00,
Coopers Ultra Light 375ml X6 Pack,$9.75,$4.33 / 1L
Jose Cuervo Margarita Cocktail Mix 1l,$14.00,$14.00 / 1L
The Hills Cider Co Virgin Apple Cider Bottles 330ml X6 Pack,$13.00,$6.57 / 1L
Woolworths Home Brew Lager 1.7kg,$11.00,$6.47 / 1KG
Woolworths Homebrew Bottle Caps Crown Seals 100 Pack,$3.20,$0.03 / 1EA
Coopers Carbonated Drops 250g,$4.50,$18.00 / 1KG
Coopers Brew Enhancer No2 1kg,$10.00,$10.00 / 1KG
Coopers Pale Ale No1 Home Brew 1.7kg,$19.00,$11.18 / 1KG
Minchinbury Sparkling Crisp Classic Brut Nv 750ml,$10.00,
Smirnoff Vodka Miniatures 50ml,$12.00,
Chancellor & Co Cabernet Merlot 750ml,$5.00,
Cat Amongst The Pigeons Riesling 750ml,$21.00,
Smirnoff Seltzer Mixed Pack 250ml X12 Pack,$64.00,
Tun Gold Mid Lager Cans 330ml X 30 Case,$41.00,
Bacardi Rum 1l,$73.00,
19 Crimes Cabernet Sauvignon 750ml,$12.00,
Mateus Rose 750ml,$18.00,
Hardys Tintara Mclaren Vale Cabernet Sauvignon 750ml,$26.00,
Lindeman's Shiraz Gentlemen Collection 750ml,$20.00,
Mcallister Scotch Whisky 700ml,$42.00,
Hardys Stamp Chardonnay 1l,$10.00,
Winesmiths Premium Cabernet Merlot Premium 2l,$13.00,
Noble Fellows Pinot Rose 750ml,$20.00,
Pepperjack Shiraz Cabernet 750ml,$20.00,
Johnnie Walker Scotch Whisky Black 1l,$95.00,
Sailor Jerry Rum Spiced Caribbean 700ml,$46.00,
Suntory Haku Vodka 700ml,$69.00,
Tanqueray Gin 1l,$72.00,
Lobster Reef Sauvignon Blanc 750ml,$20.00,
Elephant In The Room Pinot Gris 750ml,$15.00,
Dimple Scotch Whisky 15 Years Old 700ml,$64.00,
See No Evil Organic Rose 750ml,$20.00,
Coopers Ultra Light 375ml X6 Pack,$9.75,$4.33 / 1L
Jose Cuervo Margarita Cocktail Mix 1l,$14.00,$14.00 / 1L
The Hills Cider Co Virgin Apple Cider Bottles 330ml X6 Pack,$13.00,$6.57 / 1L
Woolworths Home Brew Lager 1.7kg,$11.00,$6.47 / 1KG
Woolworths Homebrew Bottle Caps Crown Seals 100 Pack,$3.20,$0.03 / 1EA
Coopers Carbonated Drops 250g,$4.50,$18.00 / 1KG
Coopers Brew Enhancer No2 1kg,$10.00,$10.00 / 1KG
Coopers Pale Ale No1 Home Brew 1.7kg,$19.00,$11.18 / 1KG
Smirnoff Ice Double Black Can Cans 375ml X10 Pack,$56.00,
Glenfiddich Single Malt Scotch Whisky 12 Years Old 700ml,$72.00,
Sapporo Premium Lager Beer Bottles 355ml X 6 Pack,$24.50,
Elephant In The Room Chardonnay 750ml,$15.00,
Wolf Blass Shiraz Eaglehawk Shiraz 750ml,$9.00,
Somersby Apple Cider Cans 440ml X10 Case,$32.00,
Knappstein Riesling Clare Valley Riesling 750ml,$22.00,
Taylors Cabernet Sauvignon 750ml,$16.00,
Jose Cuervo Especial Reposado Tequila 1l,$74.00,
La Boheme Act 2 Pinot Noir Rose 750ml,$20.00,
Peter Lehmann Shiraz 750ml,$20.00,
Smirnoff Seltzer Passionfruit Cans 250ml X4 Pack,$23.00,
Somersby Pear Cider Cans 375ml X10 Pack,$27.00,
Yalumba Organic Shiraz 750ml,$19.00,
Sol Lager Beer Bottles 330ml X 24 Case,$57.00,
Brown Brothers Sweet White Crouchen Riesling 750ml,$15.00,
Jack Daniel's Whiskey Old Time No7 700ml,$53.00,
Glen Moray Classic Port Cask Speyside Single Malt Scotch Whiskey 700ml,$53.00,
Maschio Prosecco Doc 750ml,$14.00,
Jacob's Creek Reserve Shiraz 750ml,$13.00,
Roku Japanese Gin 700ml,$64.00,
Patrón Silver Tequila 700ml Each,$92.00,
Golden Oak Sherry Cream 750ml,$7.00,
Malibu White Rum Coconut Liqueur 700ml,$38.00,
Coopers Ultra Light 375ml X6 Pack,$9.75,$4.33 / 1L
Jose Cuervo Margarita Cocktail Mix 1l,$14.00,$14.00 / 1L
The Hills Cider Co Virgin Apple Cider Bottles 330ml X6 Pack,$13.00,$6.57 / 1L
Woolworths Home Brew Lager 1.7kg,$11.00,$6.47 / 1KG
Woolworths Homebrew Bottle Caps Crown Seals 100 Pack,$3.20,$0.03 / 1EA
Coopers Carbonated Drops 250g,$4.50,$18.00 / 1KG
Coopers Brew Enhancer No2 1kg,$10.00,$10.00 / 1KG
Coopers Pale Ale No1 Home Brew 1.7kg,$19.00,$11.18 / 1KG
Coopers Ultra Light 375ml X6 Pack,$9.75,$4.33 / 1L
Jose Cuervo Margarita Cocktail Mix 1l,$14.00,$14.00 / 1L
The Hills Cider Co Virgin Apple Cider Bottles 330ml X6 Pack,$13.00,$6.57 / 1L
Woolworths Home Brew Lager 1.7kg,$11.00,$6.47 / 1KG
Woolworths Homebrew Bottle Caps Crown Seals 100 Pack,$3.20,$0.03 / 1EA
Coopers Carbonated Drops 250g,$4.50,$18.00 / 1KG
Coopers Brew Enhancer No2 1kg,$10.00,$10.00 / 1KG
Coopers Pale Ale No1 Home Brew 1.7kg,$19.00,$11.18 / 1KG
Jameson Irish Whisky 700ml,$55.00,
St Huberts The Stag Chardonnay 750ml,$19.00,
Tanqueray Gin 700ml,$67.00,
Galliano Black Alla Sambuca 500ml,$43.00,
Old Fat Unicorn Shiraz 750ml,$17.00,
Oyster Bay Sparkling Brut 750ml,$26.00,
Elephant In The Room Palatial Pinot Noir 750ml,$15.00,
Johnnie Walker Double Black Scotch Whisky 700ml,$82.00,
Woodstock Bourbon & Cola 4.8% Cans 375ml X24 Case,$91.00,
Kim Crawford Pinot Gris 750ml,$15.00,
Grant Burge Shiraz Miamba Shiraz 750ml,$18.00,
Tun Blue Light Lager Cans 330ml X30 Case,$37.00,
Jacob's Creek Cool Harvest Pinot Grigio 750ml,$12.00,
Monkey Shoulder Scotch Whisky 700ml,$60.00,
Chris Ringland Shiraz 750ml,$32.00,
Tempus Two Varietal Series Prosecco 750ml,$16.00,
Smirnoff Seltzer Classic Lime Cans 250ml X4 Pack,$23.00,
Taylors Sparkling Pinot Chardonnay 750ml,$16.00,
White Claw Hard Seltzer Watermelon Cans 330mlx 4 Pack,$27.00,
Taylors Shiraz Jaraman 750ml,$27.00,
Victoria Bitter Cans 500ml X6 Pack,$24.50,
George Wyndham Shiraz Bin 555 750ml,$13.00,
Bundaberg Red Rum 700ml,$45.00,
Tread Softly Grenache 750ml,$13.00,
Coopers Ultra Light 375ml X6 Pack,$9.75,$4.33 / 1L
Jose Cuervo Margarita Cocktail Mix 1l,$14.00,$14.00 / 1L
The Hills Cider Co Virgin Apple Cider Bottles 330ml X6 Pack,$13.00,$6.57 / 1L
Woolworths Home Brew Lager 1.7kg,$11.00,$6.47 / 1KG
Woolworths Homebrew Bottle Caps Crown Seals 100 Pack,$3.20,$0.03 / 1EA
Coopers Carbonated Drops 250g,$4.50,$18.00 / 1KG
Coopers Brew Enhancer No2 1kg,$10.00,$10.00 / 1KG
Coopers Pale Ale No1 Home Brew 1.7kg,$19.00,$11.18 / 1KG
Berri Estates Cask Wine Dry White 5l,$22.00,
Vodka Cruiser Juicy Watermelon 275ml X4 Pack,$22.00,
Marlborough Sounds Pinot Gris 750ml,$14.00,
Vodka Cruiser Wild Raspberry 275ml X4 Pack,$22.00,
Chancellor & Co Merlot 750ml,$5.00,
White Claw Seltzer Variety 330mlx10,$50.00,
Suntory Double Lemon Cans 330ml X10 Pack,$55.00,
De Bortoli Premium Cask Wine Verdelho 4l,$22.00,
Great Northern Brewing Company Super Crisp Lager Bottles 330ml X 24 Case,$55.00,
Pewsey Vale Eden Valley Riesling 750ml,$25.00,
La Plancheliere Sparkling Rose 750ml,$17.00,
De Bortoli Non Vintage Prosecco 750ml,$18.00,
Minchinbury Rose Sparkling Cuvee Nv 750ml,$10.00,
Taylors Reserve Riesling Clare Valley 750ml,$29.00,
Renmano Port Tawny Cask 2l,$12.00,
Riddoch Cabernet Sauvignon 750ml,$20.00,
Udl Vodka Watermelon Cans 375ml X4 Pack,$22.00,
Buckeye Dark Rum 700ml,$44.00,
Tread Softly Prosecco Can 250ml X4 Pack,$20.00,
Sit Stay Society Shiraz Tempranillo 375ml,$12.00,
Squealing Pig Central Otago Pinot Noir 750ml,$20.00,
Coopers Ultra Light 375ml X6 Pack,$9.75,$4.33 / 1L
Jose Cuervo Margarita Cocktail Mix 1l,$14.00,$14.00 / 1L
The Hills Cider Co Virgin Apple Cider Bottles 330ml X6 Pack,$13.00,$6.57 / 1L
Woolworths Home Brew Lager 1.7kg,$11.00,$6.47 / 1KG
Woolworths Homebrew Bottle Caps Crown Seals 100 Pack,$3.20,$0.03 / 1EA
Coopers Carbonated Drops 250g,$4.50,$18.00 / 1KG
Coopers Brew Enhancer No2 1kg,$10.00,$10.00 / 1KG
Coopers Pale Ale No1 Home Brew 1.7kg,$19.00,$11.18 / 1KG
Coopers Ultra Light 375ml X6 Pack,$9.75,$4.33 / 1L
Gemtree Dragon's Blood Shiraz 750ml,$20.00,
Steersman Blonde Low Carb Beer Bottles 330ml X 6 Pack,$13.00,
Steersman Ultra Dry Lager Bottles 330ml X 24 Pack,$45.00,
Mcguigan Black Label Sparkling Shiraz 750ml,$8.00,
& Vodka Soda Can 375ml X4 Pack,$25.00,
Vodka Cruiser Lush Guava 275ml X4 Pack,$22.00,
J & B Rare Blended Scotch Whisky 700ml,$54.00,
Farm Hand Organic Shiraz 750ml,$15.00,
Freixenet Sparkling Brut Cordon Negro 750ml,$16.00,
Penfolds Shiraz Cabernet Koonunga Hill Shiraz Cabernet 750ml,$17.00,
De Bortoli Premium Cask Wine Traminer Riesling 4l,$22.00,
Hardys Stamp Merlot 1l,$10.00,
The Hero Of Zero Preservative Free Shiraz 750ml,$18.00,
Chapel Hill Chardonnay Unwooded Chardonnay 750ml,$15.00,
Golden Oak Cream Apera 2l,$12.00,
Hear No Evil Organic Sauvignon Blanc 750ml,$20.00,
Brokenwood Cricket Pitch White Sauvignon Blanc Semillion 750ml,$22.00,
Devil's Lair The Hidder Cave Sauvignon Blanc Semillion 750ml,$24.00,
Cat Amongst The Pigeons Sparkling Shiraz 750ml,$21.00,
De Kuyper Butterscotch Schnapps 700ml,$49.00,
Tread Softly Pinot Noir 375ml,$10.00,
Evans & Tate Chardonnay Butterball 750ml,$20.00,
Coopers Extra Stout Stubbies 375ml X 6 Pack,$28.00,
Coopers Ultra Light 375ml X6 Pack,$9.75,$4.33 / 1L
Jose Cuervo Margarita Cocktail Mix 1l,$14.00,$14.00 / 1L
The Hills Cider Co Virgin Apple Cider Bottles 330ml X6 Pack,$13.00,$6.57 / 1L
Woolworths Home Brew Lager 1.7kg,$11.00,$6.47 / 1KG
Woolworths Homebrew Bottle Caps Crown Seals 100 Pack,$3.20,$0.03 / 1EA
Coopers Carbonated Drops 250g,$4.50,$18.00 / 1KG
Coopers Brew Enhancer No2 1kg,$10.00,$10.00 / 1KG
Coopers Pale Ale No1 Home Brew 1.7kg,$19.00,$11.18 / 1KG
Coopers Ultra Light 375ml X6 Pack,$9.75,$4.33 / 1L
Jose Cuervo Margarita Cocktail Mix 1l,$14.00,$14.00 / 1L
The Hills Cider Co Virgin Apple Cider Bottles 330ml X6 Pack,$13.00,$6.57 / 1L
Woolworths Home Brew Lager 1.7kg,$11.00,$6.47 / 1KG
Woolworths Homebrew Bottle Caps Crown Seals 100 Pack,$3.20,$0.03 / 1EA
Coopers Carbonated Drops 250g,$4.50,$18.00 / 1KG
Coopers Brew Enhancer No2 1kg,$10.00,$10.00 / 1KG
Coopers Pale Ale No1 Home Brew 1.7kg,$19.00,$11.18 / 1KG
Coopers Ultra Light 375ml X6 Pack,$9.75,$4.33 / 1L
Jose Cuervo Margarita Cocktail Mix 1l,$14.00,$14.00 / 1L
The Hills Cider Co Virgin Apple Cider Bottles 330ml X6 Pack,$13.00,$6.57 / 1L
Woolworths Home Brew Lager 1.7kg,$11.00,$6.47 / 1KG
Woolworths Homebrew Bottle Caps Crown Seals 100 Pack,$3.20,$0.03 / 1EA
Coopers Carbonated Drops 250g,$4.50,$18.00 / 1KG
Coopers Brew Enhancer No2 1kg,$10.00,$10.00 / 1KG
Coopers Pale Ale No1 Home Brew 1.7kg,$19.00,$11.18 / 1KG
Stella Artois Pilsner Bottles 330ml X 6 Pack,$20.00,
Wild Turkey 101 Pro 6-8yo Bourbon 700ml,$65.00,
Vodka Cruiser Pure Pineapple 275ml X4 Pack,$22.00,
Spey River Double Cask Single Malt Whisky 700ml,$65.00,
Lindeman's Cabernet Sauvignon Gentlemen Collection 750ml,$20.00,
South Island Sauvignon Blanc Mist 750ml,$18.00,
Guinness Draught Stout Cans 440ml X 6 Pack,$28.00,
Madfish Gold Turtle Chardonnay 750ml,$22.00,
Jack Daniel's Tennessee Whiskey 1l,$87.00,
Golden Oak Cask Wine Dry White 4l,$14.00,
The Killer Pinot Grigio 750ml,$11.00,
Carlton Dry Bottle 330ml X24 Case,$55.00,
Great Northern Brewing Company Super Crisp Lager Cans 375ml X 30 Case,$61.00,
Round Theory Sustainable Pinot Gris 750ml,$21.00,
Coopers Extra Stout Bottles 375ml X 24 Case,$74.00,
Sit Stay Society Rose 375ml,$12.00,
Nature's Harvest Shiraz 750ml,$17.00,
Smirnoff Pure Classic Lime & Soda 10x330ml,$50.00,
Woodstock Bourbon & Colas 6% Cans 375ml X6 Pack,$36.00,
Tooheys Old Dark Ale Bottles 375ml X 24 Case,$66.00,
Talisker Storm Single Malt Whisky Whisky 700ml,$90.00,
Coopers Ultra Light 375ml X6 Pack,$9.75,$4.33 / 1L
Jose Cuervo Margarita Cocktail Mix 1l,$14.00,$14.00 / 1L
The Hills Cider Co Virgin Apple Cider Bottles 330ml X6 Pack,$13.00,$6.57 / 1L
Woolworths Home Brew Lager 1.7kg,$11.00,$6.47 / 1KG
Woolworths Homebrew Bottle Caps Crown Seals 100 Pack,$3.20,$0.03 / 1EA
Coopers Carbonated Drops 250g,$4.50,$18.00 / 1KG
Coopers Brew Enhancer No2 1kg,$10.00,$10.00 / 1KG
Coopers Pale Ale No1 Home Brew 1.7kg,$19.00,$11.18 / 1KG
Margan Hunter Valley Verdelho 750ml,$20.00,
Brown Brothers White Varietal Moscato Rosa 750ml,$16.00,
Pikes Clare Valley Riesling 750ml,$30.00,
Stone & Wood Pacific Ale Bottles 24 X330ml,$83.00,
Victoria Bitter Lager Bottles 750ml X 3 Pack,$20.00,
De Bortoli Premium Cask Wine Colombard Chardonnay 4l,$22.00,
Devil's Lair Hidden Cave Chardonnay 750ml,$24.00,
Wolf Blass Cabernet Sauvignon Eaglehawk Cabernet Sauvignon 750ml,$9.00,
Island Fever Hard Seltzer Mixed Cans 330ml X12 Pack,$40.00,
Stanley Port Tawny 2l,$15.00,
Wild Turkey Bourbon & Cola Cans 4x375ml,$23.00,
Jacob's Creek Sparkling Moscato Rose 750ml,$13.00,
Mcwilliam's On The Grapevine Chardonnay 750ml Each,$13.00,
Brown Brothers Moscato Sauv Blanc 750ml,$16.00,
Golden Oak Cask Wine Tawny Port 2l,$12.00,
Label 5 Classic Black Blended Scotch Whisky 1l,$61.00,
Yellowglen Colours Brut Cuvee Yellow Bottles 200ml X4 Pack,$18.00,
19 Crimes Red Blend 750ml,$12.00,
Campo Viejo Tempranillo 750ml,$22.00,
Coopers Ultra Light 375ml X6 Pack,$9.75,$4.33 / 1L
Jose Cuervo Margarita Cocktail Mix 1l,$14.00,$14.00 / 1L
The Hills Cider Co Virgin Apple Cider Bottles 330ml X6 Pack,$13.00,$6.57 / 1L
Woolworths Home Brew Lager 1.7kg,$11.00,$6.47 / 1KG
Woolworths Homebrew Bottle Caps Crown Seals 100 Pack,$3.20,$0.03 / 1EA
Coopers Carbonated Drops 250g,$4.50,$18.00 / 1KG
Coopers Brew Enhancer No2 1kg,$10.00,$10.00 / 1KG
Coopers Pale Ale No1 Home Brew 1.7kg,$19.00,$11.18 / 1KG
Asahi Super Dry Lager Bottles 330ml X24 Case,$61.00,
Galliano Sambuca 500ml,$43.00,
Sidewood Sauvignon Blanc 750ml,$28.00,
St Hallett Blockhead Shiraz 750ml,$27.00,
Taylors Merlot 750ml,$16.00,
Fire & Ice Vodka Extra Soft 700ml,$70.00,
The Kraken Spiced Rum 50ml Bottle,$13.50,
Glen Moray Single Malt Scotch Whisky 700ml,$53.00,
Borgo Sanleo Prosecco 750ml,$14.00,
Seppelt Sparkling Shiraz Vintage 750ml,$25.00,
Barbadillo Pedro Sherry Ximinez 750ml,$25.00,
De Bortoli Palette Pino Grigio 750ml Each,$16.00,
Jacob's Creek Pinot Noir 750ml,$8.00,
Penfolds Koonunga Hill Cabernet Sauvignon 750ml,$17.00,
Stone & Wood Pacific Ale Bottles 6 X330ml,$27.00,
Vickery Watervale Riesling 750ml,$25.00,
Golden Oak Cask Wine Fruity White 4l,$14.00,
De Bortoli Premium Cask Wine Cabernet Merlot 4l,$22.00,
Estandon Saint Louis De Provence Rose 750ml,$18.00,
Vodka Cruiser Sugar Free Mixed Berry 4x275ml,$22.00,
Jacob's Creek Sparkling Rose 750ml,$13.00,
Minchinbury Rose Blush Cuvee 4x200ml,$19.00,
Catalina Sounds Sauvignon Blanc 750ml,$30.00,
Coopers Ultra Light 375ml X6 Pack,$9.75,$4.33 / 1L
Jose Cuervo Margarita Cocktail Mix 1l,$14.00,$14.00 / 1L
The Hills Cider Co Virgin Apple Cider Bottles 330ml X6 Pack,$13.00,$6.57 / 1L
Woolworths Home Brew Lager 1.7kg,$11.00,$6.47 / 1KG
Woolworths Homebrew Bottle Caps Crown Seals 100 Pack,$3.20,$0.03 / 1EA
Coopers Carbonated Drops 250g,$4.50,$18.00 / 1KG
Coopers Brew Enhancer No2 1kg,$10.00,$10.00 / 1KG
Coopers Pale Ale No1 Home Brew 1.7kg,$19.00,$11.18 / 1KG
Chapel Hill Parson Pinot Grigio 2019 375ml,$15.00,$4.00 / 100ML
Stone's Ginger Wine 1.5l,$27.00,
Taylors Reserve Cabernet Sauvignon 750ml,$29.00,
The Advocate Cabernet Sauvignon 750ml 750ml,$35.00,
Stonyfell The Cellars Shiraz Cabernet 750ml,$20.00,
Dewar's Scotch Whisky 12 Years Old 700ml,$60.00,
Tooheys New Lager Stubbies 375ml X 6 Pack,$21.50,
Xxxx Gold Mid Strength Lager Bottles 375ml X 6 Pack,$20.50,
Taylors Riesling Clare Valley Riesling 750ml,$16.00,
Xxxx Gold Mid Strength Lager Cans 375ml X 24 Case,$50.00,
Malibu Coconut Flavour White Rum 1l,$55.00,
Cow Bombie Cabernet Merlot Margaret River 750ml,$18.00,
Porta Dante Prosecco 750ml,$20.00,
De Kuyper Peach Schnapps 700ml,$49.00,
Arras Non Vintage Premium Cuvee 750ml,$27.00,
Cat Amongst The Pigeons Chardonnay 750ml,$21.00,
Freixenet Italian Rose 750ml,$29.00,
Mcwilliam's Cream Apera 1.5l,$17.00,
Good Tides Seltzer Mixed Pack Cans 330ml X 10 Pack,$44.00,
Coopers Ultra Light 375ml X6 Pack,$9.75,$4.33 / 1L
Jose Cuervo Margarita Cocktail Mix 1l,$14.00,$14.00 / 1L
The Hills Cider Co Virgin Apple Cider Bottles 330ml X6 Pack,$13.00,$6.57 / 1L
Woolworths Home Brew Lager 1.7kg,$11.00,$6.47 / 1KG
Woolworths Homebrew Bottle Caps Crown Seals 100 Pack,$3.20,$0.03 / 1EA
Coopers Carbonated Drops 250g,$4.50,$18.00 / 1KG
Coopers Brew Enhancer No2 1kg,$10.00,$10.00 / 1KG
Coopers Pale Ale No1 Home Brew 1.7kg,$19.00,$11.18 / 1KG
Red Hill Estate Pinot Noir 750ml,$22.00,
Smirnoff Ice Double Black Vodka & Guarana Cans 4x250ml,$31.00,
In Top Company Cask Wine Shiraz 2l,$10.00,
Jim Barry Jim's Garden Riesling 750ml,$25.00,
Zonin Multipacks Prosecco Piccolo 3 Pack 187ml,$17.00,
Chivas Regal Whisky Extra Blended Scotch Whisky 700ml,$68.00,
Corona Extra Lager Bottles 355ml X 24 Case,$65.00,
Starward Two-fold Double Grain Australian Whisky 700ml,$82.00,
White Claw Hard Seltzer Mango Cans 330ml X4 Pack,$27.00,
19 Crimes Pinot Noir 750ml,$12.00,
Paddy Irish Whiskey 700ml,$53.00,
Sit Stay Society Cabernet Malbec 375ml,$12.00,
Baily & Baily Adventure Series Pinot Gris 1l,$14.00,
Baily & Baily Adventure Series Prosecco 1l,$11.00,
Bundaberg Underproof Miniatures 50ml,$13.50,
King Of Clare Valley Riesling 750ml,$21.00,
Wild Turkey Bourbon & Cola Cans 24x375ml,$129.00,
Kavka Estate Oryginalna Receptura Polish Vodka 700ml,$64.00,
Sit Stay Society Gruner Veltiner 375ml,$12.00,
Yalumba Organic Sauvignon Blanc 750ml,$19.00,
Tread Softly Chardonnay 750ml,$13.00,
Omni Blue Sparkling Moscato 750ml,$8.00,
Coopers Ultra Light 375ml X6 Pack,$9.75,$4.33 / 1L
Jose Cuervo Margarita Cocktail Mix 1l,$14.00,$14.00 / 1L
The Hills Cider Co Virgin Apple Cider Bottles 330ml X6 Pack,$13.00,$6.57 / 1L
Woolworths Home Brew Lager 1.7kg,$11.00,$6.47 / 1KG
Woolworths Homebrew Bottle Caps Crown Seals 100 Pack,$3.20,$0.03 / 1EA
Coopers Carbonated Drops 250g,$4.50,$18.00 / 1KG
Coopers Brew Enhancer No2 1kg,$10.00,$10.00 / 1KG
Coopers Pale Ale No1 Home Brew 1.7kg,$19.00,$11.18 / 1KG
Suntory 196 Double Grape Can 330ml X 4 Pack,$24.00,
T Gallant Light & Fresh Brut Cuvee 750ml,$13.00,
Taylors Jarman Chardonnay 750ml,$26.00,
Wild Turkey 101 Bourbon & Cola 6.5% Cans 4x375ml,$32.00,
De Bortoli Premium Cask Wine Shiraz Cabernet 4l,$22.00,
Captain Morgan Rum Black Spiced 700ml,$64.00,
Harveys Bristol Sherry Cream 750ml,$30.00,
Label 5 Classic Black Blended Scotch Whisky 700ml,$52.00,
Baily & Baily Cabernet Merlot Silhouette Series 1l,$8.00,
Old Fat Unicorn Tempranillo 750ml,$17.00,
Bundaberg Rum Select Vat 700ml,$66.00,
Marques De Riscal Proximo Tempranillo Rioja Proximo 750ml,$19.00,
Suntory Toki Blended Japanese Whisky 700ml,$81.00,
Victoria Bitter Lager Cans 375ml X 6 Pack,$22.00,
Wanderin Rogue Tennessee Whiskey 700ml,$47.00,
Absolut Passionfruit Flavoured Vodka 700ml,$61.00,
Cupio Dry Sparkling Rose 750ml,$20.00,
Baily & Baily Adventure Series Riesling 1l,$11.00,
Banrock Station Cask Wine Sauvignon Blanc 2l,$15.00,
Banrock Station Cask Wine Shiraz Cabernet 2l,$15.00,
Cat Amongst The Pigeons Cabernet Sauvignon 750ml,$21.00,
Fresita Strawberry Sparkling Wine 750ml,$22.00,
Mcguigan Cabernet Merlot Black Label 750ml,$8.00,
Riddoch Coonawarra Chardonnay 750ml,$20.00,
Coopers Ultra Light 375ml X6 Pack,$9.75,$4.33 / 1L
Jose Cuervo Margarita Cocktail Mix 1l,$14.00,$14.00 / 1L
The Hills Cider Co Virgin Apple Cider Bottles 330ml X6 Pack,$13.00,$6.57 / 1L
Woolworths Home Brew Lager 1.7kg,$11.00,$6.47 / 1KG
Woolworths Homebrew Bottle Caps Crown Seals 100 Pack,$3.20,$0.03 / 1EA
Coopers Carbonated Drops 250g,$4.50,$18.00 / 1KG
Coopers Brew Enhancer No2 1kg,$10.00,$10.00 / 1KG
Coopers Pale Ale No1 Home Brew 1.7kg,$19.00,$11.18 / 1KG
Yarra Burn Sparkling Chardonney Pinot Noir 750ml,$30.00,
Small Yet Mighty Mclaren Vale Shiraz 750ml,$20.00,
Zonin Montepulciano D'abruzzo 750ml,$12.00,
Zonin Prosecco Brut Non Vintage 750ml,$19.00,
Chancellor & Co Shiraz Cabernet Sauvignon 750ml,$5.00,
Gossips Dolcetto Sweet Lips & Syrah 750ml,$5.50,
Speak No Evil Organic Shiraz 750ml,$20.00,
Steersman Ultra Dry Lager Bottles 330ml X 6 Pack,$13.00,
Bundaberg Master Distillers Small Batch Vintage Barrel Rum 700ml,$63.00,
Crystal Head Vodka Mini's 50ml,$20.00,
Baileys Irish Cream Liqueur 700ml,$44.00,
Tread Softly Moscato 750ml,$13.00,
Tempus Two Gruner Veltliner 750ml,$13.00,
The Butchers Friend Shiraz 750ml,$22.00,
Brown & Co A Little Sweet Rose 750ml,$18.00,
Giesen Riesling 750ml,$20.00,
Farm Hand Organic Semillon Sauvignon Blanc 750ml,$15.00,
Hardys Stamp Cask Wine Shiraz 3l,$20.00,
Brown Brothers Moscato Victoria 750ml,$16.00,
Kings Fortune Barossa Shiraz 750ml,$19.00,
Penfolds Bin 2 Shiraz Mataro 750ml,$40.00,
Ninth Island Sauvignon Blanc 750ml,$19.00,
Hesketh Vulturedog Shiraz Tempranillo 750ml,$17.00,
Margan Hunter Valley Semillion 750ml,$20.00,
Coopers Ultra Light 375ml X6 Pack,$9.75,$4.33 / 1L
Jose Cuervo Margarita Cocktail Mix 1l,$14.00,$14.00 / 1L
The Hills Cider Co Virgin Apple Cider Bottles 330ml X6 Pack,$13.00,$6.57 / 1L
Woolworths Home Brew Lager 1.7kg,$11.00,$6.47 / 1KG
Woolworths Homebrew Bottle Caps Crown Seals 100 Pack,$3.20,$0.03 / 1EA
Coopers Carbonated Drops 250g,$4.50,$18.00 / 1KG
Coopers Brew Enhancer No2 1kg,$10.00,$10.00 / 1KG
Coopers Pale Ale No1 Home Brew 1.7kg,$19.00,$11.18 / 1KG
Lulu Le Francais Grenache 750ml,$16.00,
Stonier Chardonnay 750ml,$42.00,
Freixenet Italian Sparkling Rose 750ml,$26.00,
La Plancheliere Loire Sauvignon Blanc 750ml,$14.00,
Ninth Island Sparkling Non Vintage 750ml,$29.00,
Penfolds Max's Cabernet Sauvignon 750ml,$25.00,
Pepperjack Certified 750ml Bottle,$38.00,
Indian Summer Rose 750ml,$22.00,
Johnnie Walker Red Miniatures Scotch Whiskey 50ml,$11.00,
Wild Turkey Longbranch Bourbon 700ml,$77.00,
Rainbird Seltzer Passionfruit Cans 330ml X4 Pack,$21.00,
Walker Grove Shiraz Cask Wine 2l,$15.00,
Wild Turkey Bourbon Rare & Cola Can 4x320ml,$35.00,
Giesen Marlborough Pinot Gris 750ml,$20.00,
Tooheys New Lager Long Necks 750ml X 3 Pack,$20.00,
Wild Turkey Bourbon Cola Rare 8% 4x320ml,$35.00,
Johnnie Walker Black Miniatures Scotch Whiskey 50ml,$13.50,
Mumm Cordon Rouge Champagne Brut 750ml,$65.00,
Plantation Original Dark Double Aged Rum 700ml,$63.00,
Stone & Wood Lager Bottles 330ml X 6 Pack,$22.50,
Vodka Cruiser Sugar Free Strawberry & Watermelon 4 X275ml,$22.00,
Teeling Irish Whiskey Small Batch 700ml,$77.00,
Coopers Ultra Light 375ml X6 Pack,$9.75,$4.33 / 1L
Jose Cuervo Margarita Cocktail Mix 1l,$14.00,$14.00 / 1L
The Hills Cider Co Virgin Apple Cider Bottles 330ml X6 Pack,$13.00,$6.57 / 1L
Woolworths Home Brew Lager 1.7kg,$11.00,$6.47 / 1KG
Woolworths Homebrew Bottle Caps Crown Seals 100 Pack,$3.20,$0.03 / 1EA
Coopers Carbonated Drops 250g,$4.50,$18.00 / 1KG
Coopers Brew Enhancer No2 1kg,$10.00,$10.00 / 1KG
Coopers Pale Ale No1 Home Brew 1.7kg,$19.00,$11.18 / 1KG
Lulu Le Francais Grenache 750ml,$16.00,
Stonier Chardonnay 750ml,$42.00,
Freixenet Italian Sparkling Rose 750ml,$26.00,
La Plancheliere Loire Sauvignon Blanc 750ml,$14.00,
Ninth Island Sparkling Non Vintage 750ml,$29.00,
Penfolds Max's Cabernet Sauvignon 750ml,$25.00,
Pepperjack Certified 750ml Bottle,$38.00,
Indian Summer Rose 750ml,$22.00,
Johnnie Walker Red Miniatures Scotch Whiskey 50ml,$11.00,
Wild Turkey Longbranch Bourbon 700ml,$77.00,
Rainbird Seltzer Passionfruit Cans 330ml X4 Pack,$21.00,
Walker Grove Shiraz Cask Wine 2l,$15.00,
Wild Turkey Bourbon Rare & Cola Can 4x320ml,$35.00,
Giesen Marlborough Pinot Gris 750ml,$20.00,
Tooheys New Lager Long Necks 750ml X 3 Pack,$20.00,
Wild Turkey Bourbon Cola Rare 8% 4x320ml,$35.00,
Johnnie Walker Black Miniatures Scotch Whiskey 50ml,$13.50,
Mumm Cordon Rouge Champagne Brut 750ml,$65.00,
Plantation Original Dark Double Aged Rum 700ml,$63.00,
Stone & Wood Lager Bottles 330ml X 6 Pack,$22.50,
Vodka Cruiser Sugar Free Strawberry & Watermelon 4 X275ml,$22.00,
Teeling Irish Whiskey Small Batch 700ml,$77.00,
Coopers Ultra Light 375ml X6 Pack,$9.75,$4.33 / 1L
Jose Cuervo Margarita Cocktail Mix 1l,$14.00,$14.00 / 1L
The Hills Cider Co Virgin Apple Cider Bottles 330ml X6 Pack,$13.00,$6.57 / 1L
Woolworths Home Brew Lager 1.7kg,$11.00,$6.47 / 1KG
Woolworths Homebrew Bottle Caps Crown Seals 100 Pack,$3.20,$0.03 / 1EA
Coopers Carbonated Drops 250g,$4.50,$18.00 / 1KG
Coopers Brew Enhancer No2 1kg,$10.00,$10.00 / 1KG
Coopers Pale Ale No1 Home Brew 1.7kg,$19.00,$11.18 / 1KG
Tyrrell's Old Winery Pinot Noir 750ml,$15.00,
Jacob's Creek Merlot 750ml,$8.00,
Noble Fellows Sauvignon Blanc 750ml,$18.00,
Rainbird Seltzer Mixed Cans 330ml X12 Pack,$66.00,
Barossa Ink Cabernet Sauvignon 750ml,$16.00,
Devil's Corner Pinot Grigio 750ml,$27.00,
Hardys Tintara 750ml,$26.00,
Old Fat Unicorn Sauvignon Blanc 750ml,$17.00,
Pals Vodka Peach Passion Fruit & Soda Cans 330ml X4 Pack,$21.00,
Smirnoff Ice Red Vodka Bottles 24x300ml,$137.00,
Tullamore Dew Irish Whisky 700ml,$61.00,
Xxxx Summer Bright Ale With Lime Bottles 330ml X 24 Case,$52.00,
De Bortoli Blue Pinot Gris 750ml,$18.00,
Old Fat Unicorn Rose 750ml,$17.00,
Madfish Gold Turtle Merlot Cabernet 750ml,$22.00,
The Glenlivet Founders Reserve Whisky 700ml,$70.00,
Freixenet Italian Sparkling Rose 200ml,$14.00,
Berri Estates Cask Wine Traditional Dry Red 5l,$22.00,
Brookvale Union Vodka & Peach Iced Tea 330ml X6 Pack,$28.00,
Riddoch Merlot Merlot 750ml,$20.00,
Vodka Soda Pine & Lime 355 X 4 Pack,$28.00,
Canadian Club Whisky 700ml,$47.00,
Coopers Ultra Light 375ml X6 Pack,$9.75,$4.33 / 1L
Jose Cuervo Margarita Cocktail Mix 1l,$14.00,$14.00 / 1L
The Hills Cider Co Virgin Apple Cider Bottles 330ml X6 Pack,$13.00,$6.57 / 1L
Woolworths Home Brew Lager 1.7kg,$11.00,$6.47 / 1KG
Woolworths Homebrew Bottle Caps Crown Seals 100 Pack,$3.20,$0.03 / 1EA
Coopers Carbonated Drops 250g,$4.50,$18.00 / 1KG
Coopers Brew Enhancer No2 1kg,$10.00,$10.00 / 1KG
Coopers Pale Ale No1 Home Brew 1.7kg,$19.00,$11.18 / 1KG
Sheep Dog Peanut Butter Whiskey 700ml,$62.00,
Sieur D'arques Grande Cuvee 1531 De Aimery 750ml,$28.00,
Taylors Chardonnay 750ml,$16.00,
Tooheys Extra Dry Lager Stubbies 375ml X 6 Pack,$22.00,
Woodstock Bourbon & Cola 10x200ml,$56.00,
Zonin Prosecco Rose 750ml,$19.00,
Riddoch Cabernet Sauvignon Merlot 750ml,$20.00,
Tyrrell's Old Winery Shiraz 750ml,$15.00,
Lulu Le Francais Sauvignon Blanc 750ml,$14.00,
Brookvale Union Vodka Lemon Squash Cans 330ml X 4 Pack,$27.00,
Brown Brothers Prosecco Rosato 750ml,$20.00,
Colonel & The Merchant Shiraz Cabernet 750ml,$12.00,
De Bortoli Premium Cask Wine Shiraz Pressing 4l,$22.00,
Lindeman's Gentleman's Collection Tawny 750ml,$20.00,
Brown Brothers Prosecco Can 250ml X4 Pack,$23.00,
Elephant In The Room Fiano 750ml,$15.00,
Jacob's Creek Reserve Cabernet Sauvignon 750ml,$13.00,
Somersby Pear Cider Cans 30x375ml Case,$79.00,
Taittinger Champagne Brut Reserve Non Vintage 750ml,$90.00,
St Huberts The Stag Blanc De Blanc 750ml,$19.00,
Victoria Bitter The Big Cold Can 500ml,$6.50,
Vodka Soda & Extra Strength Watermelon Can 355ml X 4 Pack,$28.00,
Coopers Ultra Light 375ml X6 Pack,$9.75,$4.33 / 1L
Jose Cuervo Margarita Cocktail Mix 1l,$14.00,$14.00 / 1L
The Hills Cider Co Virgin Apple Cider Bottles 330ml X6 Pack,$13.00,$6.57 / 1L
Woolworths Home Brew Lager 1.7kg,$11.00,$6.47 / 1KG
Woolworths Homebrew Bottle Caps Crown Seals 100 Pack,$3.20,$0.03 / 1EA
Coopers Carbonated Drops 250g,$4.50,$18.00 / 1KG
Coopers Brew Enhancer No2 1kg,$10.00,$10.00 / 1KG
Coopers Pale Ale No1 Home Brew 1.7kg,$19.00,$11.18 / 1KG
De Bortoli King Valley Prosecco Bottles 200ml X4 Pack,$26.00,
El Jimador Tequila Blanco 700ml,$57.00,
Jose Cuervo Margarita Cocktail Mix 1l,$14.00,$14.00 / 1L
Versus By Amelia & Trent Burge Brut Cuvee Nv 750ml,$19.00,
Wolf Blass Eaglehawk Sauvignon Blanc 750ml,$9.00,
Brookvale Union Vodka Lime Bitters Cans 330ml X 6 Pack,$28.00,
Old Fat Unicorn Pinot Noir 750ml,$17.00,
19 Crimes Blanc De Blancs 750ml,$12.00,
Baily & Baily Adventure Chardonnay 1l,$11.00,
Baily & Baily Silhouette Cabernet Sauvignon 1l,$8.00,
Devil's Corner Tamar Ridge Pinot Noir 750ml,$27.00,
"Pals Vodka, Mango, Pineapple & Soda Can 4 X 330ml",$21.00,
Tim Adams Pinot Grigio Pinot Gris 750ml,$20.00,
Vodka Soda & Extra Strength Passionfruit Can 355ml X 4 Pack,$28.00,
Wild Turkey 101 Zero Cola 4x375ml,$32.00,
D'arenberg The Footbolt Shiraz 750ml,$19.00,
Farm Hand Cabernet Sauvignon 750ml,$15.00,
Golden Oak Muscat 750ml,$7.00,
Noble Fellows Pinot Gris 750ml,$20.00,
Coopers Ultra Light 375ml X6 Pack,$9.75,$4.33 / 1L
Jose Cuervo Margarita Cocktail Mix 1l,$14.00,$14.00 / 1L
The Hills Cider Co Virgin Apple Cider Bottles 330ml X6 Pack,$13.00,$6.57 / 1L
Woolworths Home Brew Lager 1.7kg,$11.00,$6.47 / 1KG
Woolworths Homebrew Bottle Caps Crown Seals 100 Pack,$3.20,$0.03 / 1EA
Coopers Carbonated Drops 250g,$4.50,$18.00 / 1KG
Coopers Brew Enhancer No2 1kg,$10.00,$10.00 / 1KG
Coopers Pale Ale No1 Home Brew 1.7kg,$19.00,$11.18 / 1KG
Paradox Chardonnay 750ml,$16.00,
Bichat Brut Nv Champagne 750ml,$30.00,
Brown Brothers Port Tawny 750ml,$19.00,
Gentleman Jack Whiskey 1l 1l,$104.00,
Baily & Baily Silhouette Pink Moscato 1l,$8.00,
Lindeman's Early Harvest Riesling 750ml,$17.00,
Oyster Bay Rose Sparkling Cuvee Rose 750ml,$26.00,
Pure Blonde Ultra Low Carb Lager Bottles 355ml X 24 Case,$58.00,
Southern Comfort Bourbon 1l,$69.00,
Isabel Estate Sauvignon Blanc 750ml,$22.00,
Southern Comfort Bourbon 700ml,$44.00,
Good Tides Hard Seltzer Raspberry Cans 330ml X24 Case,$114.00,
Bundaberg Rum & Cola Cans 375ml X10 Case,$57.00,
Infamous Dodger Vermentino 750ml,$11.00,
Evans & Tate Broadway Chardonnay 750ml,$22.00,
Farm Hand Organic Chardonnay 750ml,$15.00,
Glen Grant Arboralis Single Malt Scotch Whisky 700ml,$58.00,
Isabel Estate Sauvignon Blanc 375ml 375ml,$17.00,
Take It To The Grave Shiraz 750ml,$19.00,
Wild Turkey 101 Bourbon & Cola 6.5% Cans 24x375ml,$160.00,
Yalumba Organic Chardonnay 750ml,$19.00,
Coopers Ultra Light 375ml X6 Pack,$9.75,$4.33 / 1L
Jose Cuervo Margarita Cocktail Mix 1l,$14.00,$14.00 / 1L
The Hills Cider Co Virgin Apple Cider Bottles 330ml X6 Pack,$13.00,$6.57 / 1L
Woolworths Home Brew Lager 1.7kg,$11.00,$6.47 / 1KG
Woolworths Homebrew Bottle Caps Crown Seals 100 Pack,$3.20,$0.03 / 1EA
Coopers Carbonated Drops 250g,$4.50,$18.00 / 1KG
Coopers Brew Enhancer No2 1kg,$10.00,$10.00 / 1KG
Coopers Pale Ale No1 Home Brew 1.7kg,$19.00,$11.18 / 1KG
Hahn Superdry Premium Lager 3.5% Bottles 330ml X 24 Case,$52.00,
Marlborough Sounds Chardonnay 750ml,$14.00,
Tempus Two Lighten Up Pinot Noir 750ml,$20.00,
Angove Organic Shiraz Cabernet 750ml,$14.00,
Georg Jensen Hallmark Cuvee 750ml,$40.00,
Tia Maria Liqueur 700ml,$46.00,
Vickers London Dry Gin 700ml,$50.00,
Jansz Brut Rose Brut Rose 750ml,$35.00,
Wakachangi Lager Bottles 330ml X6 Pack,$24.00,
Brown Brothers Prosecco Spritz 750ml,$20.00,
Fireball Cinnamon Whisky 700ml,$55.00,
Gordon's Pink Gin & Soda 250ml X4 Pack,$26.00,
Piper-heidsieck Brut N/v Brut 750ml,$70.00,
Woodstock Bourbon & Cola 12% Cans 200ml X24 Case,$154.00,
Devil's Corner Sauvignon Blanc 750ml,$27.00,
Zytho Brewing Zesty Pale Ale Can 375ml X 6 Pack,$28.00,
Bombay Sapphire Gin 700ml,$57.00,
Brown Brothers Dolcetto Syrah 750ml,$16.00,
Carlton Dry Low Carb Lager Cans 375ml X 24 Case,$55.00,
Mr Mick Mr Mick Rose 750ml,$20.00,
Coopers Ultra Light 375ml X6 Pack,$9.75,$4.33 / 1L
Jose Cuervo Margarita Cocktail Mix 1l,$14.00,$14.00 / 1L
The Hills Cider Co Virgin Apple Cider Bottles 330ml X6 Pack,$13.00,$6.57 / 1L
Woolworths Home Brew Lager 1.7kg,$11.00,$6.47 / 1KG
Woolworths Homebrew Bottle Caps Crown Seals 100 Pack,$3.20,$0.03 / 1EA
Coopers Carbonated Drops 250g,$4.50,$18.00 / 1KG
Coopers Brew Enhancer No2 1kg,$10.00,$10.00 / 1KG
Coopers Pale Ale No1 Home Brew 1.7kg,$19.00,$11.18 / 1KG
Ninth Island Pinot Noir 750ml,$27.00,
Bombay Sapphire Gin 1l,$88.00,
In Top Company Cask Wine Pinot Grigio 2l,$10.00,
Mcguigan The Plan Malbec 750ml,$14.00,
Rose Dry With Bubbles Can 250ml X4 Pack,$23.00,
Suntory 196 Double Lemon 4 X 330ml,$24.00,
Tooheys Old Dark Ale Bottles 375ml X 6 Pack,$23.50,
Brown Brothers Moscato Sparkling Rosa 4x200ml,$24.00,
Cat Amongst The Pigeons Reserve Tawny 750ml,$15.00,
Ciao Bella Italian Pinot Grigio 750ml,$18.00,
Jacob's Creek Top Pick Sauvignon Blanc Moscato 750ml,$15.00,
Krondorf Founders View Bv Shiraz 750ml,$27.00,
Krondorf Winemakers Shiraz Cabernet 750ml,$20.00,
Mcguigan Merlot Black Label 750ml,$8.00,
Miraval Provence Rose 750ml,$46.00,
Berri Estates Cask Wine Dolce Rosso 5l,$22.00,
"Suntory 196 Double Grape Shochu, Vodka & Soda Cans 330ml X 10 Pack",$55.00,
White Claw Pineapple Seltzer Cans 330ml X 4 Pack,$27.00,
Jacob's Creek Double Barrel Shiraz Cabernet 750ml,$20.00,
Kylie Minogue Rose 750ml,$25.00,
D'arenberg Stump Jump Red Varietal Grenache Shiraz 750ml,$15.00,
Koa Merlot 750ml,$7.00,
Coopers Ultra Light 375ml X6 Pack,$9.75,$4.33 / 1L
Jose Cuervo Margarita Cocktail Mix 1l,$14.00,$14.00 / 1L
The Hills Cider Co Virgin Apple Cider Bottles 330ml X6 Pack,$13.00,$6.57 / 1L
Woolworths Home Brew Lager 1.7kg,$11.00,$6.47 / 1KG
Woolworths Homebrew Bottle Caps Crown Seals 100 Pack,$3.20,$0.03 / 1EA
Coopers Carbonated Drops 250g,$4.50,$18.00 / 1KG
Coopers Brew Enhancer No2 1kg,$10.00,$10.00 / 1KG
Coopers Pale Ale No1 Home Brew 1.7kg,$19.00,$11.18 / 1KG
Koa Red Blend 750ml,$7.00,
& Vodka Soda 355ml,$8.50,
Amelia Burge Pinot Noir Chardonnay Sparkling 750ml,$20.00,
Gallo Family Vineyards White Zinfandel 750ml,$15.00,
Hesketh Porcupotamus Pinot Noir Shiraz 750ml,$17.00,
Passion Pop Sparkling 750ml,$7.50,
Zytho Brewing Tropical Haze Cans 375ml X6 Pack,$28.00,
& Vodka Soda & Watermelon 355ml,$9.50,
Chivas Regal Regal Whiskey Miniatures 50ml,$13.00,
Woodstock Bourbon & Cola Can 4.8% 375ml X30 Case,$129.00,
Xxxx Gold Mid Strength Lager Cans 375ml X 6 Pack,$20.50,
Gordon's London Dry Gin 700ml,$46.00,
Lulu Le Francais Vermentino 750ml,$14.00,
Velarino Terre Siciliane Vermentino 750ml,$19.00,
Balliamo Italian Prosecco 750ml,$20.00,
Cormack Estate King Valley Prosecco 750ml,$20.00,
Wild Turkey 101 & Cola Zero 10x375ml,$62.00,
Bundaberg Underproof Rum 375ml,$41.00,
Victoria Bitter Cans 24 X500ml,$74.00,
Coopers Pale Ale Bottle 375ml X 24 Case,$63.00,
Devils Vine Shiraz 750ml,$12.00,
Heineken Premium Lager Bottles 330ml X 24 Case,$52.00,
Ninth Island Sparkling Rose 750ml,$29.00,
Petaluma Croser Sparkling Vintage 750ml,$48.00,
Coopers Ultra Light 375ml X6 Pack,$9.75,$4.33 / 1L
Jose Cuervo Margarita Cocktail Mix 1l,$14.00,$14.00 / 1L
The Hills Cider Co Virgin Apple Cider Bottles 330ml X6 Pack,$13.00,$6.57 / 1L
Woolworths Home Brew Lager 1.7kg,$11.00,$6.47 / 1KG
Woolworths Homebrew Bottle Caps Crown Seals 100 Pack,$3.20,$0.03 / 1EA
Coopers Carbonated Drops 250g,$4.50,$18.00 / 1KG
Coopers Brew Enhancer No2 1kg,$10.00,$10.00 / 1KG
Coopers Pale Ale No1 Home Brew 1.7kg,$19.00,$11.18 / 1KG
Rainbird Seltzer Cranberry Cans 250mlx 4 Pack,$28.00,
Mumm Marlborough Brut Prestige 750ml,$40.00,
Willowbrook Fresh Dry White Box Wine 5l,$14.00,
Bundaberg Red Rum & Cola Cans 24x375ml,$100.00,
Ciao Bella Prosecco Superiore Doc 750ml,$22.00,
Hahn Superdry Lager 3.5% Cans 375ml X 30 Case,$59.00,
Kahlua Coffee Liqueur 700ml,$38.00,
Rewild Sustainably Made Shiraz 750ml,$12.00,
Zytho Brewing Tropical Haze Cans 375ml X24 Case,$74.00,
Elephant In The Room Merlot 750ml,$15.00,
Nepenthe Sauvignon Blanc 750ml,$22.00,
Brown Brothers Refreshingly Light Rose 750ml,$20.00,
St Hallett Gamekeepers Shiraz Gamekeeper's 750ml,$12.00,
The Kraken Black Spiced Rum & Cola Bottles 330ml X4 Pack,$30.00,
Xxxx Summer Bright Lager Low Carb Bottles 330ml X 6 Pack,$21.00,
Brown Brothers One Rose Can 250ml X4 Pack,$25.00,
Hahn Superdry Low Carb Lager Bottles 330ml X 6 Pack,$22.00,
South Island Pinot Noir 750ml,$24.00,
T Gallant Light & Fresh Moscato 750ml,$13.00,
Yering Station Little Yering Dry Rose 750ml,$18.00,
Baily & Baily Adventure Cabernet Sauvignon 1l,$14.00,
Bundaberg Rum & Bare No Sugar Cola 6x375ml,$29.00,
Coopers Ultra Light 375ml X6 Pack,$9.75,$4.33 / 1L
Jose Cuervo Margarita Cocktail Mix 1l,$14.00,$14.00 / 1L
The Hills Cider Co Virgin Apple Cider Bottles 330ml X6 Pack,$13.00,$6.57 / 1L
Woolworths Home Brew Lager 1.7kg,$11.00,$6.47 / 1KG
Woolworths Homebrew Bottle Caps Crown Seals 100 Pack,$3.20,$0.03 / 1EA
Coopers Carbonated Drops 250g,$4.50,$18.00 / 1KG
Coopers Brew Enhancer No2 1kg,$10.00,$10.00 / 1KG
Coopers Pale Ale No1 Home Brew 1.7kg,$19.00,$11.18 / 1KG
Coopers Ultra Light 375ml X6 Pack,$9.75,$4.33 / 1L
Jose Cuervo Margarita Cocktail Mix 1l,$14.00,$14.00 / 1L
The Hills Cider Co Virgin Apple Cider Bottles 330ml X6 Pack,$13.00,$6.57 / 1L
Woolworths Home Brew Lager 1.7kg,$11.00,$6.47 / 1KG
Woolworths Homebrew Bottle Caps Crown Seals 100 Pack,$3.20,$0.03 / 1EA
Coopers Carbonated Drops 250g,$4.50,$18.00 / 1KG
Coopers Brew Enhancer No2 1kg,$10.00,$10.00 / 1KG
Coopers Pale Ale No1 Home Brew 1.7kg,$19.00,$11.18 / 1KG
Coopers Ultra Light 375ml X6 Pack,$9.75,$4.33 / 1L
Jose Cuervo Margarita Cocktail Mix 1l,$14.00,$14.00 / 1L
The Hills Cider Co Virgin Apple Cider Bottles 330ml X6 Pack,$13.00,$6.57 / 1L
Woolworths Home Brew Lager 1.7kg,$11.00,$6.47 / 1KG
Woolworths Homebrew Bottle Caps Crown Seals 100 Pack,$3.20,$0.03 / 1EA
Coopers Carbonated Drops 250g,$4.50,$18.00 / 1KG
Coopers Brew Enhancer No2 1kg,$10.00,$10.00 / 1KG
Coopers Pale Ale No1 Home Brew 1.7kg,$19.00,$11.18 / 1KG
Coopers Ultra Light 375ml X6 Pack,$9.75,$4.33 / 1L
Jose Cuervo Margarita Cocktail Mix 1l,$14.00,$14.00 / 1L
The Hills Cider Co Virgin Apple Cider Bottles 330ml X6 Pack,$13.00,$6.57 / 1L
Woolworths Home Brew Lager 1.7kg,$11.00,$6.47 / 1KG
Woolworths Homebrew Bottle Caps Crown Seals 100 Pack,$3.20,$0.03 / 1EA
Coopers Carbonated Drops 250g,$4.50,$18.00 / 1KG
Coopers Brew Enhancer No2 1kg,$10.00,$10.00 / 1KG
Coopers Pale Ale No1 Home Brew 1.7kg,$19.00,$11.18 / 1KG
Coopers Ultra Light 375ml X6 Pack,$9.75,$4.33 / 1L
Jose Cuervo Margarita Cocktail Mix 1l,$14.00,$14.00 / 1L
The Hills Cider Co Virgin Apple Cider Bottles 330ml X6 Pack,$13.00,$6.57 / 1L
Woolworths Home Brew Lager 1.7kg,$11.00,$6.47 / 1KG
Woolworths Homebrew Bottle Caps Crown Seals 100 Pack,$3.20,$0.03 / 1EA
Coopers Carbonated Drops 250g,$4.50,$18.00 / 1KG
Coopers Brew Enhancer No2 1kg,$10.00,$10.00 / 1KG
Coopers Pale Ale No1 Home Brew 1.7kg,$19.00,$11.18 / 1KG
Jose Cuervo Sparkling Watermelon Margarita Cans 330ml X 4 Pack,$27.00,
Mcwilliam's On The Grapevine Pinot Noir 750ml,$13.00,
Night Guard Barossa Shiraz 750ml,$20.00,
Vasse Felix Cabernet Merlot 750ml,$29.00,
Little Giant Coonawarra Cabernet Sauvignon 750ml,$22.00,
Mcallister Scotch Whisky 350ml,$33.00,
Pepper Tree Shiraz 750ml,$20.00,
Rangers Lookout Pinot Grigio 750ml,$20.00,
Somersby Apple Cider Cans 30x440ml Case,$90.00,
Tread Softly Pink Gin 700ml,$60.00,
Four Pillars Rare Dry Gin 700ml,$70.00,
Golden Oak Cask Wine Dolce Rosso 4l,$14.00,
Little Giant Barossa Grenache 750ml,$22.00,
Red Leg Vanilla & Pineapple Spiced Rum 700ml,$62.00,
Temple Bruer Merlot Preservative Free 750ml,$22.00,
Cold Snap Cool Climate Rose 750ml,$19.00,
Dean & Munroe Style Series Rose' Prosecco 750ml,$19.00,
Scape Goat Lower Sugar Apple Cider Bottles 330ml X6 Pack,$21.00,
Temple Bruer Pinot Noir Preservative Free 750ml,$29.00,
The Azurial France Rose 750ml,$20.00,
Coopers Ultra Light 375ml X6 Pack,$9.75,$4.33 / 1L
Jose Cuervo Margarita Cocktail Mix 1l,$14.00,$14.00 / 1L
The Hills Cider Co Virgin Apple Cider Bottles 330ml X6 Pack,$13.00,$6.57 / 1L
Woolworths Home Brew Lager 1.7kg,$11.00,$6.47 / 1KG
Woolworths Homebrew Bottle Caps Crown Seals 100 Pack,$3.20,$0.03 / 1EA
Coopers Carbonated Drops 250g,$4.50,$18.00 / 1KG
Coopers Brew Enhancer No2 1kg,$10.00,$10.00 / 1KG
Coopers Pale Ale No1 Home Brew 1.7kg,$19.00,$11.18 / 1KG
Zonin Pinot Grigio 750ml,$23.00,
Audrey Wilkinson Rose 750ml,$26.00,
Brown Brothers Sparkling Moscato 4x200ml,$24.00,
Cupio Pink Pinot Grigio 750ml,$20.00,
Hardys Cask Wine Chardonnay 3l,$20.00,
Jack Daniel's Tennessee Whiskey & Cola Bottle 4x330ml,$27.50,
Johnnie Walker Blue Scotch Whisky 700ml,$255.00,
Smirnoff Seltzer Passionfruit Cans 250ml X24 Case,$142.00,
St Agnes Vs Brandy 700ml,$51.00,
Vodka Cruiser Lush Guava 275ml X24 Case,$89.00,
Vodka Cruiser Pure Pineapple 275ml X24 Case,$89.00,
Wild Turkey Bourbon & Cola Cans 30x375ml Case,$161.00,
Zytho Black Velvet Luxe Stout Can 375ml,$6.00,
Audrey Wilkinson Dry Red Tempranillo 750ml,$26.00,
Canadian Club Whisky & Dry Cans 375ml X24 Case,$96.00,
Cupio Dry Pinot Rose Wine On Tap Pouch 1.5l,$30.00,
Dead Man's Fingers Hemp Rum 700ml,$55.00,
Gordon's Pink Gin & Soda 4x330ml,$28.00,
John Boston Summer Ale Bottles 330ml X 6 Pack,$21.50,
Coopers Ultra Light 375ml X6 Pack,$9.75,$4.33 / 1L
Jose Cuervo Margarita Cocktail Mix 1l,$14.00,$14.00 / 1L
The Hills Cider Co Virgin Apple Cider Bottles 330ml X6 Pack,$13.00,$6.57 / 1L
Woolworths Home Brew Lager 1.7kg,$11.00,$6.47 / 1KG
Woolworths Homebrew Bottle Caps Crown Seals 100 Pack,$3.20,$0.03 / 1EA
Coopers Carbonated Drops 250g,$4.50,$18.00 / 1KG
Coopers Brew Enhancer No2 1kg,$10.00,$10.00 / 1KG
Coopers Pale Ale No1 Home Brew 1.7kg,$19.00,$11.18 / 1KG
Napoleon 1875 Brandy 150ml,$17.00,
Wolf Blass Eaglehawk Cabernet Merlot 750ml,$9.00,
Audrey Wilkinson Shiraz 750ml,$26.00,
Johnnie Walker 18yo Scotch Whisky 700ml,$162.00,
Old Fat Unicorn Prosecco 750ml,$17.00,
Rewild Rose Sustainably Made 750ml,$12.00,
Tyrrell's Old Winery Chardonnay 750ml,$15.00,
Villa Maria Cellar Selection Sauvignon Blanc 750ml,$25.00,
Balter Brewing Extra Pale Ale Cans 375ml X4 Pack,$22.00,
Grant Burge Port Aged Tawny Port 750ml,$17.00,
Serafino Bellissimo Pinot Grigio 750ml,$17.00,
Stone & Wood Green Coast Lager Bottles 330ml X24 Case,$68.00,
Underground Vodka With Caramel 700ml,$86.00,
Glen Moray Scotch Whisky 12 Years Old 700ml,$64.00,
Hardys Black Bottle Brandy 700ml,$50.00,
Hardys Cask Wine Cabernet Sauvignon 3l,$20.00,
Peroni Legerra Lager Bottles 330ml X 24 Case,$55.00,
Peroni Nastro Azzurro Lager Bottles 330ml X 24 Case,$58.00,
Banrock Station Cask Wine Still Moscato 2l,$15.00,
Canadian Club Whisky & Dry Cans 6x375ml,$29.00,
For Peat's Sake Blended Scotch Whisky 700ml,$53.00,
Coopers Ultra Light 375ml X6 Pack,$9.75,$4.33 / 1L
Jose Cuervo Margarita Cocktail Mix 1l,$14.00,$14.00 / 1L
The Hills Cider Co Virgin Apple Cider Bottles 330ml X6 Pack,$13.00,$6.57 / 1L
Woolworths Home Brew Lager 1.7kg,$11.00,$6.47 / 1KG
Woolworths Homebrew Bottle Caps Crown Seals 100 Pack,$3.20,$0.03 / 1EA
Coopers Carbonated Drops 250g,$4.50,$18.00 / 1KG
Coopers Brew Enhancer No2 1kg,$10.00,$10.00 / 1KG
Coopers Pale Ale No1 Home Brew 1.7kg,$19.00,$11.18 / 1KG
James Boag's Premium Lager Bottles 375ml X 24 Case,$65.00,
Jim Beam White Label Bourbon & Cola Cans 6x375ml Pack,$32.00,
Mcwilliam's Royal Reserve Tawny 1.5l,$17.00,
Mountain Goat Very Enjoyable Beer Cans 375ml X24 Case,$58.00,
Smirnoff Seltzer Classic Lime Cans 250ml X24 Case,$142.00,
State Of Light Pinot Gris Hawkes Bay 750ml,$17.00,
Stone's Reserve Green Ginger Wine 750ml,$22.00,
The Hero Of Zero Preservative Free Sauvignon Blanc 750ml,$18.00,
Brookvale Union Ginger Beer Cans 330ml X6 Pack,$27.00,
Bundaberg Red Rum & Cola Cans 6x375ml,$29.00,
Glen Moray Peated Single Malt Whisky 700ml,$53.00,
Krondorf Barossa Cabernet Sauvignon 750ml,$20.00,
Oxford Arms London Dry Gin 700ml,$37.00,
Oyster Bay Pinot Noir 750ml,$26.00,
Pals Vodka Peach Passion Fruit & Soda Cans 330ml X12 Case,$65.00,
Petaluma Chardonnay 750ml,$30.00,
Scape Goat Crisp Apple Cider Bottles 330ml X6 Pack,$21.00,
Vodka Soda Pine & Lime 355ml X 16 Case,$99.00,
Wolf Blass Eaglehawk Shiraz Cabernet 750ml,$9.00,
Borsao Clasico Garnacha 750ml,$10.00,
Brokenwood Red Varietal Cricket Pitch 750ml,$22.00,
Calaverita Cerveza Lager Beer Bottle 355ml,$5.50,
Coopers Ultra Light 375ml X6 Pack,$9.75,$4.33 / 1L
Jose Cuervo Margarita Cocktail Mix 1l,$14.00,$14.00 / 1L
The Hills Cider Co Virgin Apple Cider Bottles 330ml X6 Pack,$13.00,$6.57 / 1L
Woolworths Home Brew Lager 1.7kg,$11.00,$6.47 / 1KG
Woolworths Homebrew Bottle Caps Crown Seals 100 Pack,$3.20,$0.03 / 1EA
Coopers Carbonated Drops 250g,$4.50,$18.00 / 1KG
Coopers Brew Enhancer No2 1kg,$10.00,$10.00 / 1KG
Coopers Pale Ale No1 Home Brew 1.7kg,$19.00,$11.18 / 1KG
Great Northern Brewing Company Super Crisp Lager Bottle 330ml X 6 Pack,$18.00,
James Squire Ginger Beer Cans 330ml X6 Pack,$27.50,
Jameson Caskmates Stout Edition 700ml,$62.00,
Morris Liqueur Topaque 500ml,$20.00,
Balter Brewing Extra Pale Ale Cans 375ml X16 Case,$64.00,
Canadian Club Whisky & Dry Can 375ml X10 Pack,$51.00,
Evans & Tate Cabernet Merlot Smooth Operator 750ml Bottle,$20.00,
Freixenet Prosecco Doc 200ml,$14.00,
Furphy Can 375ml X24 Case,$53.00,
Jagermeister Liqueur 700ml,$48.00,
James Squire Ginger Beer Cans 330ml X24 Case,$82.00,
La Plancheliere Pink Gin 700ml,$53.00,
Old Fat Unicorn Chardonnay 750ml,$17.00,
Paradox Lighter In Alcohol Prosecco 750ml,$16.00,
Walker Grove Chardonnay Cask Wine 2l,$15.00,
Whyte & Mackay Triple Matured Whisky 700ml,$48.00,
Wither Hills Early Light Pinot Noir Rose 750ml,$23.00,
Audrey Wilkinson Chardonnay 750ml,$26.00,
Carpineto Dogajolo Toscano 750ml,$22.00,
Cupio Pink Chardonnay 750ml,$20.00,
Junmai Taru-sake Cedar Barrel 720ml,$22.00,
Little Giant Adelaide Hills Chardonnay 750ml,$22.00,
Coopers Ultra Light 375ml X6 Pack,$9.75,$4.33 / 1L
Jose Cuervo Margarita Cocktail Mix 1l,$14.00,$14.00 / 1L
The Hills Cider Co Virgin Apple Cider Bottles 330ml X6 Pack,$13.00,$6.57 / 1L
Woolworths Home Brew Lager 1.7kg,$11.00,$6.47 / 1KG
Woolworths Homebrew Bottle Caps Crown Seals 100 Pack,$3.20,$0.03 / 1EA
Coopers Carbonated Drops 250g,$4.50,$18.00 / 1KG
Coopers Brew Enhancer No2 1kg,$10.00,$10.00 / 1KG
Coopers Pale Ale No1 Home Brew 1.7kg,$19.00,$11.18 / 1KG
Morialta Trails Adelaide Hills Pinot Noir Cuvee 750ml,$21.00,
Starward Old Fashioned Whisky Cocktail 500ml,$60.00,
Coopers Home Brew Lager 1.7kg,$17.00,$10.00 / 1KG
Isabel Estate Pinot Gris 750ml,$22.00,
Jack Daniel's Whiskey Cola Can 375ml X24 Case,$120.00,
Mishka Mixed Vodka Lemon Cans 330ml X 4 Pack,$19.00,
Sungazer Fruity Beer Natural Watermelon Flavour Can 300ml X 4 Pack,$17.00,
Walker Grove Cabernet Sauvignon Cask Wine 2l,$15.00,
Asahi Super Dry Lager Cans 500ml X 6 Pack,$29.00,
Dubliner Irish Whisky Liqueur 700ml,$55.00,
Fifth Leg Devils Lair Red Varietal 750ml,$14.00,
Golden Oak Cask Wine Medium Dry Red 4l,$14.00,
La Plancheliere Rose Fizzy 250ml X 4 Pack,$23.00,
"Pals Vodka, Mango, Pineapple & Soda Can 330ml",$6.70,
Poole's Rock Chardonnay 750ml,$41.00,
Robert Mondavi Private Selection Buttery Chardonnay 750ml,$20.00,
Tipperary Road Country Cream Strawberries & Cream 700ml,$18.00,
Villa Conchi Cava Brut Rose 750ml,$21.00,
Woodstock Bourbon & Colas 6% Cans 375ml X24 Case,$136.00,
Bardinet Vsop French Brandy Brandy 1l,$56.00,
Brand's Laira Coonawarra Blockers Cabernet Sauvignon 750ml,$25.00,
Coopers Ultra Light 375ml X6 Pack,$9.75,$4.33 / 1L
Jose Cuervo Margarita Cocktail Mix 1l,$14.00,$14.00 / 1L
The Hills Cider Co Virgin Apple Cider Bottles 330ml X6 Pack,$13.00,$6.57 / 1L
Woolworths Home Brew Lager 1.7kg,$11.00,$6.47 / 1KG
Woolworths Homebrew Bottle Caps Crown Seals 100 Pack,$3.20,$0.03 / 1EA
Coopers Carbonated Drops 250g,$4.50,$18.00 / 1KG
Coopers Brew Enhancer No2 1kg,$10.00,$10.00 / 1KG
Coopers Pale Ale No1 Home Brew 1.7kg,$19.00,$11.18 / 1KG
Coopers Extra Stout Bottles 750ml X 12 Pack,$79.00,
Hollandia Premium Lager Beer Bottles 330ml X 24 Case,$49.00,
Jim Beam Bourbon Whiskey Zero Sugar Cola 10x375ml Pack,$45.00,
Mcwilliam's Port Royal Reserve 750ml,$10.00,
Rewild Sustainably Made Chardonnay 750ml,$12.00,
South Island White Mist Marlborough Pinot Gris 750ml,$17.00,
Take It To The Grave Pinot Noir 750ml,$19.00,
Tenuta Ca' Bolani Prosecco 750ml,$19.00,
Asahi Super Dry Lager Cans 500ml X 24 Case,$84.00,
Berri Estates Cask Wine Dolce Bianco 5l,$22.00,
Crown Lager Bottles Bottles 375ml X 24 Case,$67.00,
Drambuie Liqueur 700ml,$75.00,
Giesen Lighter Sauvignon Blanc 750ml,$18.00,
Green Street Wine Co Hemp Infused Wine 750ml,$25.00,
Heineken Premium Lager Bottles 6x330ml Pack,$23.00,
Infamous Dodger Albarino 750ml,$11.00,
Jim Beam White Label Bourbon & Cola Cans 375ml X24 Case,$106.00,
"Johnny, Vince & Sam's Vino Moscato 750ml",$17.00,
La Plancheliere Gin & Tonic Cans 250ml X 4 Pack,$15.00,
Morialta Trails Sauvignon Blanc 750ml,$18.00,
Mount Pleasant Mount Pleasant Elizabeth Semillion Vinatge 750ml,$34.00,
Penfolds Port Club 750ml,$14.00,
Coopers Ultra Light 375ml X6 Pack,$9.75,$4.33 / 1L
Jose Cuervo Margarita Cocktail Mix 1l,$14.00,$14.00 / 1L
The Hills Cider Co Virgin Apple Cider Bottles 330ml X6 Pack,$13.00,$6.57 / 1L
Woolworths Home Brew Lager 1.7kg,$11.00,$6.47 / 1KG
Woolworths Homebrew Bottle Caps Crown Seals 100 Pack,$3.20,$0.03 / 1EA
Coopers Carbonated Drops 250g,$4.50,$18.00 / 1KG
Coopers Brew Enhancer No2 1kg,$10.00,$10.00 / 1KG
Coopers Pale Ale No1 Home Brew 1.7kg,$19.00,$11.18 / 1KG
Sidewood Chardonnay 750ml,$28.00,
State Of Light Sauvignon Blanc 750ml,$17.00,
Walker Grove Sauvignon Blanc Cask Wine 2l,$15.00,
Woolworths Home Brew Draught 1.7kg,$11.00,$6.47 / 1KG
Woolworths Homebrew Bottle Caps Crown Seals 100 Pack,$3.20,$0.03 / 1EA
Xxxx Gold Mid Strength Lager Bottles 750ml X 3 Pack,$20.00,
& Vodka Soda & Passionfruit Can 355ml,$9.50,
Audrey Wilkinson Verdelho 750ml,$26.00,
Bacardi Coconut Flavoured Rum 700ml,$53.00,
Crown Lager Bottles 375ml X 6 Pack,$25.00,
D'arenberg Olive Grove Chardonnay 750ml,$20.00,
Furphy Refreshing Ale Bottles 375ml X24 Case,$53.00,
Gentleman Jack Bourbon 700ml,$62.00,
Hahn Super Dry Gluten Free Bottle 330ml X24 Case,$59.00,
Hahn Superdry Premium Lager 3.5% Bottle 330ml X 6 Pack,$21.00,
Hochstadter's Slow & Low Rock & Rye 750ml,$68.00,
Little Giant Pinot Gris 750ml,$22.00,
Mcwilliam's Muscat / Tokay Royal Reserve Brown Muscat 750ml,$10.00,
Pals Vodka Mango Pineapple & Soda Cans 330ml X12 Case,$65.00,
Scape Goat Crisp Apple Cider Cans 375ml X10 Case,$24.00,
Coopers Ultra Light 375ml X6 Pack,$9.75,$4.33 / 1L
Jose Cuervo Margarita Cocktail Mix 1l,$14.00,$14.00 / 1L
The Hills Cider Co Virgin Apple Cider Bottles 330ml X6 Pack,$13.00,$6.57 / 1L
Woolworths Home Brew Lager 1.7kg,$11.00,$6.47 / 1KG
Woolworths Homebrew Bottle Caps Crown Seals 100 Pack,$3.20,$0.03 / 1EA
Coopers Carbonated Drops 250g,$4.50,$18.00 / 1KG
Coopers Brew Enhancer No2 1kg,$10.00,$10.00 / 1KG
Coopers Pale Ale No1 Home Brew 1.7kg,$19.00,$11.18 / 1KG
Smirnoff Ice Double Black Vodka & Guarana Cans 24x250ml,$173.00,
Vodka Cruiser Sugar Free Mixed Berry 24x275ml,$89.00,
Walker Grove Semillon Sauvignon Blanc Cask Wine 2l,$15.00,
Wynns Fortified Boronia Alluovo 750ml,$12.00,
Xxxx Summer Bright Ale With Lime Bottles 330ml X 6 Pack,$21.00,
Brokenwood Semillon 750ml,$31.00,
Chatelle Napoleon Brandy 700ml,$59.00,
Grant Burge Merlot Hillcot Merlot 750ml,$18.00,
Kings Fortune Coonawarra Cabernet Sauvignon 750ml,$19.00,
Les Trois Clefs Three Keys Cotes Du Rhone 750ml,$17.00,
Little Creatures Pale Ale Bottles 330ml X24 Case,$72.00,
Margan Shiraz Hunter Valley 750ml Bottle,$24.00,
Matso's Ginger Beer Bottles 330ml X 6 Pack,$30.00,
The Barque Merlot 750ml,$20.00,
Bundaberg Over Proof Rum & Cola Cans 6x375ml,$38.00,
Bundaberg Rum & Cola Op 10x375ml,$61.00,
Bundaberg Rum & Zero Sugar Cola Cans 375ml X10 Pack,$57.00,
Coopers Ultra Light 375ml X6 Pack,$9.75,$4.33 / 1L
Jose Cuervo Margarita Cocktail Mix 1l,$14.00,$14.00 / 1L
The Hills Cider Co Virgin Apple Cider Bottles 330ml X6 Pack,$13.00,$6.57 / 1L
Woolworths Home Brew Lager 1.7kg,$11.00,$6.47 / 1KG
Woolworths Homebrew Bottle Caps Crown Seals 100 Pack,$3.20,$0.03 / 1EA
Coopers Carbonated Drops 250g,$4.50,$18.00 / 1KG
Coopers Brew Enhancer No2 1kg,$10.00,$10.00 / 1KG
Coopers Pale Ale No1 Home Brew 1.7kg,$19.00,$11.18 / 1KG
Maker's Mark Bourbon 700ml,$69.00,
Mountain Goat Very Enjoyable Beer Cans 375ml X6 Pack,$18.00,
Old Fat Unicorn Prosecco 250ml X 4 Pack,$15.00,
Pepperjack Grenache 2020 750ml,$20.00,
Rolling Cabernet Merlot 750ml,$18.00,
Scape Goat Pear Cider 330ml X6 Pack,$21.00,
The Indigo Organic Field Blend 750ml,$20.00,
Tooheys Extra Dry Lager Can 375ml,$6.00,
Tooheys Extra Dry Lager Cans 375ml X 30 Case,$64.00,
Tyrrell's Shiraz Rufus Stone Heathcote 750ml,$27.00,
Wild Turkey Bourbon Whiskey & Cola 30x375ml Case,$192.00,
Wolf Blass Eaglehawk Australian Tawny 750ml,$9.00,
Brookland Valley Sauvignon Blanc Semillon 750ml,$23.00,
Brown Brothers Moscato White Gold Moscato 750ml,$25.00,
Franklin Tate Estates Chardonnay 750ml,$29.00,
Jack Daniel's Whiskey Cola Cans 375ml X6 Pack,$33.00,
Paper Birds Rose 750ml,$14.00,
Pimm's No1 Aperitif 700ml,$55.00,
Rainbird Seltzer Cranberry Can 250ml,$9.00,
Scotchmans Hill Chardonnay 750ml,$43.00,
Tread Softly Sparkling Rose Bottles 330ml X 4 Pack,$24.00,
Wild Turkey 101 Zero Cola 375ml X24 Case,$160.00,
Coopers Ultra Light 375ml X6 Pack,$9.75,$4.33 / 1L
Jose Cuervo Margarita Cocktail Mix 1l,$14.00,$14.00 / 1L
The Hills Cider Co Virgin Apple Cider Bottles 330ml X6 Pack,$13.00,$6.57 / 1L
Woolworths Home Brew Lager 1.7kg,$11.00,$6.47 / 1KG
Woolworths Homebrew Bottle Caps Crown Seals 100 Pack,$3.20,$0.03 / 1EA
Coopers Carbonated Drops 250g,$4.50,$18.00 / 1KG
Coopers Brew Enhancer No2 1kg,$10.00,$10.00 / 1KG
Coopers Pale Ale No1 Home Brew 1.7kg,$19.00,$11.18 / 1KG
Young Henrys Newtowner Cans 375mlx 24 Case,$72.00,
Brown & Co A Little Dry Moscato 750ml,$18.00,
Canadian Club & Dry Zero 375ml X10 Pack,$51.00,
Coopers Pale Ale Can 375ml X24 Case,$63.00,
De Bortoli Premium Port Old Port Cask 4l,$23.00,
Jack Daniel's Tennessee Whiskey Double Jack Can 4x375ml,$32.00,
Mercury Apple Cider Hard Cans 10x375ml Pack,$30.00,
Taylors Discoveries Cabernet Sauvignon 750ml,$16.00,
The West Winds Gin The Sabre 700ml,$70.00,
19 Crimes Cali Rose 750ml,$18.00,
1965 Reserva Vodka Flask 200ml,$33.00,
4 Pines Pacific Ale Bottle 330ml X24 Pack,$57.00,
Ballini Lambrusco Amabile 750ml,$10.00,
Barbaresso Ouzo 700ml,$48.00,
Canadian Club Whisky & Dry 4.8% Bottles 4x330ml,$25.00,
Capital Brewing Co. Xpa Cans 375ml X4 Pack,$19.50,
Grant Burge Cabernet Sauvignon Cameron Vale 750ml,$18.00,
Jim Beam White Label Bourbon & Cola Cans 10x375ml,$45.00,
Katnook Estate Ten Acres Cabernet Sauvignon 750ml,$24.00,
Coopers Ultra Light 375ml X6 Pack,$9.75,$4.33 / 1L
Jose Cuervo Margarita Cocktail Mix 1l,$14.00,$14.00 / 1L
The Hills Cider Co Virgin Apple Cider Bottles 330ml X6 Pack,$13.00,$6.57 / 1L
Woolworths Home Brew Lager 1.7kg,$11.00,$6.47 / 1KG
Woolworths Homebrew Bottle Caps Crown Seals 100 Pack,$3.20,$0.03 / 1EA
Coopers Carbonated Drops 250g,$4.50,$18.00 / 1KG
Coopers Brew Enhancer No2 1kg,$10.00,$10.00 / 1KG
Coopers Pale Ale No1 Home Brew 1.7kg,$19.00,$11.18 / 1KG
Kiwi Hawk Marlborough Sauv Blanc 750ml,$15.00,
Kopparberg Rose Hard Cider Bottles 330ml X 6 Pack,$21.50,
Luxardo Triple Sec 700ml,$56.00,
Old Virginia Bourbon 700ml,$53.00,
Peter Lehmann The Barossan Grenache 750ml,$25.00,
The Hero Of Zero Grenache 750ml,$18.00,
Vodka Soda & Extra Strength Passionfruit Can 330ml X 16 Pack,$99.00,
Alberto Nani Organic Prosecco 750ml,$19.00,
"Bacardi Mojito Rum, Lime & Mint Cocktail Cans 250ml X 4 Pack",$26.00,
Bacardi Raspberry Flavoured Rum 700ml,$53.00,
Baileys Irish Cream Miniatures 50ml,$10.50,
Born Wild Organic Shiraz 750ml,$18.00,
Buller Premium Fine Tawny 375ml,$14.00,
Bunnahabhain Stiuireadair Single Malt Scotch Whisky 700ml,$94.00,
Carlton Dry Bottle 330ml X6 Pack,$23.00,
Cazcabel Tequila Coconut Liqueur 700ml,$59.00,
Choya Umeshu Liqueur Classic Bottle 650ml,$46.00,
Cocolada Liqueur 700ml,$19.00,
Colossal Brewing Hopmosphere West Coast Inedia Pale Ale Can 375ml,$7.00,
Devils Creek Merlot 750ml,$11.00,
Dewar's White Label Blended Scotch Whisky 1l,$71.00,
Elephant In The Room Chardonnay 250ml 4 Pack,$20.00,
Forester Estate Cabernet Merlot 750ml,$27.00,
Grant Burge Midnight Ink Barossa Shiraz 750ml,$27.00,
Coopers Ultra Light 375ml X6 Pack,$9.75,$4.33 / 1L
Jose Cuervo Margarita Cocktail Mix 1l,$14.00,$14.00 / 1L
The Hills Cider Co Virgin Apple Cider Bottles 330ml X6 Pack,$13.00,$6.57 / 1L
Woolworths Home Brew Lager 1.7kg,$11.00,$6.47 / 1KG
Woolworths Homebrew Bottle Caps Crown Seals 100 Pack,$3.20,$0.03 / 1EA
Coopers Carbonated Drops 250g,$4.50,$18.00 / 1KG
Coopers Brew Enhancer No2 1kg,$10.00,$10.00 / 1KG
Coopers Pale Ale No1 Home Brew 1.7kg,$19.00,$11.18 / 1KG
Hahn Super Dry Gluten Free Bottle 330ml X 6 Pack,$22.00,
Harry's Bar Bellini Cipriani 750ml,$37.00,
Jack Daniel's Single Barrel Tennessee Whiskey 700ml,$100.00,
Kilkenny Original Draught Irish Ale Cans 440ml X 6 Pack,$29.00,
Krondorf Grenache Shiraz Mataro 750ml,$20.00,
Louis Latour Bourgogne Pinot Noir 750ml,$40.00,
Mattingly & Moore Bourbon Bourbon 700ml,$40.00,
Mists & Shadows Pinot Grigio 750ml,$10.00,
Nz By Nature Pinot Noir 750ml,$26.00,
Nugan Estate King Valley Pinot Grigio 750ml,$25.00,
Oyster Bay Merlot 750ml,$22.00,
Penfolds Father 10 Years Old Tawny 750ml,$35.00,
Peroni Red Bottles 330ml X3 Pack,$13.00,
Take It To The Grave Shiraz 4 Pack,$20.00,
West Coast Cooler Original Bottles 250ml X24 Pack,$80.00,
Carlton Mid Strength Lager Cans 375ml X 30 Case,$55.00,
Churchill & Co Chardonnay 1.5l,$17.00,
Franklin Tate Estates Chardonnay 750ml,$19.00,
Freixenet Multipacks Cordon Negro Brut Piccolo 200ml,$18.00,
Coopers Ultra Light 375ml X6 Pack,$9.75,$4.33 / 1L
Jose Cuervo Margarita Cocktail Mix 1l,$14.00,$14.00 / 1L
The Hills Cider Co Virgin Apple Cider Bottles 330ml X6 Pack,$13.00,$6.57 / 1L
Woolworths Home Brew Lager 1.7kg,$11.00,$6.47 / 1KG
Woolworths Homebrew Bottle Caps Crown Seals 100 Pack,$3.20,$0.03 / 1EA
Coopers Carbonated Drops 250g,$4.50,$18.00 / 1KG
Coopers Brew Enhancer No2 1kg,$10.00,$10.00 / 1KG
Coopers Pale Ale No1 Home Brew 1.7kg,$19.00,$11.18 / 1KG
Gordon's Premium Pink Distilled Gin 700ml,$59.00,
Jack Daniel's Tennessee Bourbon Honey 700ml,$60.00,
Jose Cuervo Sparkling Margarita 330ml 4 Pack,$27.00,
Karmas Run Langhorne Creek Shiraz 750ml,$20.00,
Kendall-jackson Vintres Chardonnay Vintner's Reserve Chardonnay 750ml,$38.00,
Midori Illusion Liqueur Pineapple 4x275ml,$25.50,
Mishka Mixed Vodka Cans 330ml X 10 Pack,$37.00,
Morialta Trails Pinot Noir 750ml,$18.00,
Pepper Tree Cabernet Sauvignon 750ml,$20.00,
Pure Blonde Crisp Apple Cider 6x355ml,$20.00,
Rainbird Lemon & Lime Seltzer Cans 6x4x330ml,$139.00,
Cazcabel Coffee Liquer With Tequila Blanco 700ml,$68.00,
Chivas Regal Xv 15 Year Old Whisky 700ml,$85.00,
Cockburn's Special Port Reserve 375ml,$15.00,
Coopers Home Brew Draught 1.7kg,$17.00,$10.00 / 1KG
Coopers Sparkling Ale Bottles 375ml X 24 Case,$77.00,
Devil's Vine Cabernet Sauvignon 750ml,$12.00,
Frangelico Hazelnut Liqueur 700ml,$49.00,
Coopers Ultra Light 375ml X6 Pack,$9.75,$4.33 / 1L
Jose Cuervo Margarita Cocktail Mix 1l,$14.00,$14.00 / 1L
The Hills Cider Co Virgin Apple Cider Bottles 330ml X6 Pack,$13.00,$6.57 / 1L
Woolworths Home Brew Lager 1.7kg,$11.00,$6.47 / 1KG
Woolworths Homebrew Bottle Caps Crown Seals 100 Pack,$3.20,$0.03 / 1EA
Coopers Carbonated Drops 250g,$4.50,$18.00 / 1KG
Coopers Brew Enhancer No2 1kg,$10.00,$10.00 / 1KG
Coopers Pale Ale No1 Home Brew 1.7kg,$19.00,$11.18 / 1KG
James Squire Broken Shackles Lager Bottles 330ml X 24 Case,$59.00,
Jim Beam Double Serve Bourbon With Zero Sugar Cola Cans 375ml X 6 Pack,$36.00,
John Bostonthe Shipyard Coastal Xpa Dry Hopped Cans 375ml X 4 Pack,$15.00,
Kim Crawford Pinot Noir 750ml,$22.00,
Miracle On The Wire Organic Merlot 750ml,$14.00,
Nelson County Bourbon & Cola Cans 24x375ml,$83.00,
Nelson County Kentucky Bourbon 700ml,$44.00,
Old Virginia Bourbon Smooth Honey 700ml,$51.00,
Rabbit Ranch Pinot Noir 750ml Bottle,$28.00,
Rewild Sustainably Made Fiano 750ml,$12.00,
Sail & Anchor Pale Ale Bottles 330ml X 24 Case,$53.00,
Squealing Pig This Prized Pig Sparkling Pinot Noir 750ml,$30.00,
Sungazer Fruity Beer Natural Mango Flavour Can 300ml X 4 Pack,$17.00,
Tooheys New Lager Bottles 750ml X 12 Pack,$77.00,
Vodka Soda & Extra Strength Watermelon Can 355ml X 16 Case,$99.00,
Woodstock Black Label Bourbon & Cola Bottles 12x660ml,$116.00,
Borgo Sanleo Sanleo Chianti 750ml,$17.00,
Brim & Bloom Grenache Rose 750ml,$22.00,
Coopers Ultra Light 375ml X6 Pack,$9.75,$4.33 / 1L
Jose Cuervo Margarita Cocktail Mix 1l,$14.00,$14.00 / 1L
The Hills Cider Co Virgin Apple Cider Bottles 330ml X6 Pack,$13.00,$6.57 / 1L
Woolworths Home Brew Lager 1.7kg,$11.00,$6.47 / 1KG
Woolworths Homebrew Bottle Caps Crown Seals 100 Pack,$3.20,$0.03 / 1EA
Coopers Carbonated Drops 250g,$4.50,$18.00 / 1KG
Coopers Brew Enhancer No2 1kg,$10.00,$10.00 / 1KG
Coopers Pale Ale No1 Home Brew 1.7kg,$19.00,$11.18 / 1KG
Captain Morgan Tropical Watermelon & Coconut 700ml,$55.00,
Carlton Draught Lager Stubbies 375ml X 6 Pack,$23.50,
Carlton Dry Cans 500ml X24 Case,$73.00,
Coopers Pale Ale Bottles 375ml X 6 Pack,$25.00,
David Hook Shiraz 750ml,$21.00,
Freixenet Organic Cava 750ml,$22.00,
Great Northern Brewing Company Super Crisp Lager Bottles 700ml X3 Pack,$20.00,
Greenall's Gin Original London Dry 700ml,$51.00,
Hahn Premium Light Lager Bottles 375ml X 6 Pack,$17.00,
Jim Beam Black Bourbon Double Serve Mixed With Cola 375ml X4 Pack,$26.00,
Little Creatures Pale Ale Bottles 330ml X 6 Pack,$26.50,
Midori Melon Liqueur 700ml,$42.00,
Miller Chill Lager Bottles 330ml X 24 Case,$55.00,
Oakridge Over The Shoulder Cabernet Merlot 750ml,$26.00,
Paper Birds Semillon Sauvignon Blanc 750ml,$14.00,
Peloton De La Muerte Espadin Mezcal 700ml,$78.00,
Pewsey Vale Lighter Riesling 750ml,$25.00,
Pig In The House Shiraz 750ml Bottle,$24.00,
Scape Goat Low Sugar Berry Flavoured Cider Bottle 330ml X 4 Pack,$21.00,
Coopers Ultra Light 375ml X6 Pack,$9.75,$4.33 / 1L
Jose Cuervo Margarita Cocktail Mix 1l,$14.00,$14.00 / 1L
The Hills Cider Co Virgin Apple Cider Bottles 330ml X6 Pack,$13.00,$6.57 / 1L
Woolworths Home Brew Lager 1.7kg,$11.00,$6.47 / 1KG
Woolworths Homebrew Bottle Caps Crown Seals 100 Pack,$3.20,$0.03 / 1EA
Coopers Carbonated Drops 250g,$4.50,$18.00 / 1KG
Coopers Brew Enhancer No2 1kg,$10.00,$10.00 / 1KG
Coopers Pale Ale No1 Home Brew 1.7kg,$19.00,$11.18 / 1KG
Sungazer Fruity Beer Natural Watermelon Flavour Can 300ml X 16 Case,$55.00,
Tsarine Premium Cuvee Brut 750ml,$60.00,
Twelve Degrees Central Otago Pinot Noir 750ml,$20.00,
Villa Conchi Cava Brut Selection 750ml,$21.00,
White Claw Hard Seltzer Watermelon Cans 330mlx 24 Pack,$145.00,
Young Henrys Newtowner Cans 375ml X6 Pack,$23.00,
Archie Rose Distilling Co. Dry Gin 700ml,$77.00,
Bluey Ultra Crisp Lager Bottles 330ml X6 Pack,$18.00,
Canadian Club & Dry Zero 4x6x375ml,$96.00,
Carlton Draught Lager Bottles 750ml X 3 Pack,$20.00,
Coopers Carbonated Drops 250g,$4.50,$18.00 / 1KG
Coopers Pale Ale No1 Home Brew 1.7kg,$19.00,$11.18 / 1KG
Ezra Brooks Whiskey Cream 750ml,$29.00,
Grant Burge Midnight Ink Cabernet Sauvignon 750ml,$27.00,
Great Northern Brewing Company Lager Bottles 330ml X 6 Pack,$22.00,
Hardys Hrb Chardonnay 750ml,$30.00,
Isabel Estate Chardonnay 750ml,$32.00,
Jim Beam Black Label Double Serve Cans 375ml X10 Pack,$59.00,
Jim Beam Double Serve Bourbon & Cola Cans 6 X375ml,$36.00,
Jim Beam White Label Bourbon & Cola Bottles 4x330ml,$24.00,
Macho Gaucho Gaucho Malbec 750ml,$18.00,
Coopers Ultra Light 375ml X6 Pack,$9.75,$4.33 / 1L
Jose Cuervo Margarita Cocktail Mix 1l,$14.00,$14.00 / 1L
The Hills Cider Co Virgin Apple Cider Bottles 330ml X6 Pack,$13.00,$6.57 / 1L
Woolworths Home Brew Lager 1.7kg,$11.00,$6.47 / 1KG
Woolworths Homebrew Bottle Caps Crown Seals 100 Pack,$3.20,$0.03 / 1EA
Coopers Carbonated Drops 250g,$4.50,$18.00 / 1KG
Coopers Brew Enhancer No2 1kg,$10.00,$10.00 / 1KG
Coopers Pale Ale No1 Home Brew 1.7kg,$19.00,$11.18 / 1KG
Mcwilliam's Port Cream 750ml,$10.00,
Oettinger Pilsner Cans 500ml X 24 Case,$63.00,
Penfolds Rwt Bin 798 Shiraz Barossa Valley 2019 750ml,$190.00,
Peroni Legerra Lager Bottles 330ml X 6 Pack,$18.00,
Pure Blonde Ultra Low Carb Lager Bottles 355ml X 6 Pack,$23.00,
Rewild Sustainably Made Merlot 750ml,$12.00,
Rosie Spritz With Citrus Bottles 330ml X 4 Pack,$28.00,
Southern Comfort Bourbon & Cola Cans 10x375ml,$52.00,
St Hugo Cabernet Sauvignon 750ml,$42.00,
Taylors Discoveries Shiraz 750ml,$16.00,
The Azurial Pinot Grigio 750ml,$20.00,
The Domesticated Duck Chardonnay 750ml,$30.00,
Two Rivers Wildfire Unwooded Chardonnay 750ml,$22.00,
4 Pines Pacific Ale Bottles 330ml X6 Pack,$22.50,
Brokenwood Cabernet Merlot Sauvignon 750ml,$33.00,
Brookvale Union Ginger Beer Cans 330ml X24 Case,$95.00,
Brown Brothers Prosecco Nv 24x200ml,$110.00,
Capital Brewing Co. Xpa Cans 375ml X16 Case,$61.00,
Carlton Dry Cans 500ml X6 Pack,$25.50,
De Bortoli Muscat / Tokay Show 500ml,$23.00,
Ginger Resistance Alcoholic Ginger Beer 330ml X6 Pack,$23.00,
Coopers Ultra Light 375ml X6 Pack,$9.75,$4.33 / 1L
Jose Cuervo Margarita Cocktail Mix 1l,$14.00,$14.00 / 1L
The Hills Cider Co Virgin Apple Cider Bottles 330ml X6 Pack,$13.00,$6.57 / 1L
Woolworths Home Brew Lager 1.7kg,$11.00,$6.47 / 1KG
Woolworths Homebrew Bottle Caps Crown Seals 100 Pack,$3.20,$0.03 / 1EA
Coopers Carbonated Drops 250g,$4.50,$18.00 / 1KG
Coopers Brew Enhancer No2 1kg,$10.00,$10.00 / 1KG
Coopers Pale Ale No1 Home Brew 1.7kg,$19.00,$11.18 / 1KG
Jim Beam Devil's Cut Bourbon 700ml,$64.00,
Johnnie Walker Red Label Whisky & Cola Cans 6x375ml,$37.00,
Limoncello Di Capri Liqueur 700ml,$55.00,
Morris Muscat / Tokay Liqueur 500ml,$20.00,
Mumm Brut Cordon Rose Champagne 750ml,$100.00,
Parker Coonawarra Estate Cabernet Sauvignon 750ml,$40.00,
Santa Margherita Prosecco 52 Superiore 750ml,$33.00,
Sky River Cider Co Watermelon Cider & Soda 330ml X 4 Pack,$21.00,
Sungazer Fruity Beer Natural Mango Flavour Can 300ml X 16 Case,$55.00,
Tipperary Road Original Country Cream 700ml,$18.00,
Tyrrell's Moon Mountain Chardonnay 750ml,$24.00,
Walker Grove Cabernet Merlot Cask Wine 2l,$15.00,
Walker Grove Pinot Grigio Cask Wine 2l,$15.00,$0.75 / 100ML
White Claw Hard Seltzer Variety Pack No.2 330ml X 10 Pack,$50.00,
Wild Turkey 101 Premium Blend & Cola Bottle 330ml,$9.50,
Baily & Baily Adventure Grenache 1l,$14.00,
Coopers Ultra Light 375ml X6 Pack,$9.75,$4.33 / 1L
Jose Cuervo Margarita Cocktail Mix 1l,$14.00,$14.00 / 1L
The Hills Cider Co Virgin Apple Cider Bottles 330ml X6 Pack,$13.00,$6.57 / 1L
Woolworths Home Brew Lager 1.7kg,$11.00,$6.47 / 1KG
Woolworths Homebrew Bottle Caps Crown Seals 100 Pack,$3.20,$0.03 / 1EA
Coopers Carbonated Drops 250g,$4.50,$18.00 / 1KG
Coopers Brew Enhancer No2 1kg,$10.00,$10.00 / 1KG
Coopers Pale Ale No1 Home Brew 1.7kg,$19.00,$11.18 / 1KG
Baily & Baily Adventure Merlot 1l,$14.00,
Brookvale Union Vodka Lemon Squash Cans 330ml X 24 Case,$129.00,
Buller Premium Fine Muscat 375ml,$14.00,
Churchill & Co Shiraz 1.5l,$17.00,
Ciao Bella Bella Sangioves 750ml,$18.00,
Coopers Brew Enhancer No2 1kg,$10.00,$10.00 / 1KG
Culture House Apple & Mango Sour Cider Can 375ml X4 Pack,$22.00,
Finnlaigh's Country Cream 700ml,$19.00,
Furphy Refreshing Ale Bottles 375ml X 6 Pack,$22.50,
Hahn Premium Light Lager Bottles 375ml X24 Case,$56.00,
Hahn Ultra Low Carb Bottles 330ml X 6 Pack,$21.50,
Jacob's Creek Sparkling Chardonnay Pinot Noir 24x200ml,$95.00,
Jameson Dry & Lime Cans 4x375ml Pack,$32.00,
Jameson Smooth Dry & Lime Irish Whiskey 375ml X10 Pack,$52.00,
John Boston Pale Ale Bottles 330ml X 24 Case,$56.00,
Jose Cuervo Sparkling Margarita 330ml,$8.00,
Kopparberg Hard Pear Cider Cans 330ml X 20 Case,$47.00,
Maxwell Fortified Mead Spiced 750ml,$20.00,
Monte Alban Tequila Mezcal 700ml,$73.00,
Once & Well Chardonnay 750ml,$23.00,
Peroni Nastro Azzurro Lager Bottles 330ml X 6 Pack,$23.00,
Coopers Ultra Light 375ml X6 Pack,$9.75,$4.33 / 1L
Jose Cuervo Margarita Cocktail Mix 1l,$14.00,$14.00 / 1L
The Hills Cider Co Virgin Apple Cider Bottles 330ml X6 Pack,$13.00,$6.57 / 1L
Woolworths Home Brew Lager 1.7kg,$11.00,$6.47 / 1KG
Woolworths Homebrew Bottle Caps Crown Seals 100 Pack,$3.20,$0.03 / 1EA
Coopers Carbonated Drops 250g,$4.50,$18.00 / 1KG
Coopers Brew Enhancer No2 1kg,$10.00,$10.00 / 1KG
Coopers Pale Ale No1 Home Brew 1.7kg,$19.00,$11.18 / 1KG
Pure Blonde Cider Cans 375ml X10 Case,$32.50,
Six String Brewing Coastie Pale Lager Can 375ml X 6 Pack,$25.50,
The Azurial California Chardonnay 750ml,$20.00,
Tia Maria Miniatures 50ml,$9.20,
Woodstock Bourbon & Cola 3x10x200ml,$155.00,
Xxxx Gold Mid Strength Lager Bottles 750ml X 12 Pack,$82.00,
1965 Reserva Tequila Flask 200ml,$33.00,
4 Pines Pale Ale Bottles 330ml X 6 Pack,$20.00,
Amplys Spicy Alcoholic Ginger Beer Cans 375ml X4 Pack,$24.00,
Audrey Wilkinson Merlot 750ml,$26.00,
Audrey Wilkinson Semillion Sauvignon Blanc 750ml,$26.00,
Balter Ipa Cans 375ml X4 Pack,$25.00,
Bombay Sapphire Goblet & 700ml Gin Gift Pack Each,$67.00,
Brokenwood Shiraz 750ml,$33.00,
Byron Bay Brewery Premium Larger Bottle 355ml X 24 Case,$57.00,
Canadian Club & Dry Zero 6x375ml,$29.00,
Canadian Club Soda &lime Cans 375ml X24 Case,$96.00,
Chambord Liqueur 200ml,$23.00,
Chemin Des Papes Cotes Du Rhone 750ml,$18.00,
Cold Snap Cool Climate Prosecco 750ml,$19.00,
Cold Snap Yarra Valley Premium Pinot Noir 750ml,$20.00,
Coopers Pale Ale Can 375ml X 6 Pack,$25.00,
De Iuliis Estate Chardonnay 750ml,$20.00,
Coopers Ultra Light 375ml X6 Pack,$9.75,$4.33 / 1L
Jose Cuervo Margarita Cocktail Mix 1l,$14.00,$14.00 / 1L
The Hills Cider Co Virgin Apple Cider Bottles 330ml X6 Pack,$13.00,$6.57 / 1L
Woolworths Home Brew Lager 1.7kg,$11.00,$6.47 / 1KG
Woolworths Homebrew Bottle Caps Crown Seals 100 Pack,$3.20,$0.03 / 1EA
Coopers Carbonated Drops 250g,$4.50,$18.00 / 1KG
Coopers Brew Enhancer No2 1kg,$10.00,$10.00 / 1KG
Coopers Pale Ale No1 Home Brew 1.7kg,$19.00,$11.18 / 1KG
Devil's Vine Red Blend 750ml,$12.00,
Drayton's Verdhelo Hunter Valley 750ml,$17.00,
Furphy Can 375ml X 6 Pack,$22.50,
Ginato Pompelmo Grapefruit & Sangiovese Grape Gin 700ml,$65.00,
Grant Burge Barossa Ink Mid Strength Shiraz 750ml,$18.00,
Greenall's Wild Berry Gin 700ml,$51.00,
Hear No Evil Cabernet Sauvignon 750ml,$20.00,
Houndstooth Gin London Dry 1l,$62.00,
Jack Daniel's Double Jack & Cola Can 10x375ml,$68.00,
Jack Daniel's Tennessee Whiskey & Cola Cans 20x375ml,$104.00,
James Boag's Premium Lager Bottles 375ml X 6 Pack,$24.00,
James Squire 150 Lashes Pale Ale Bottles 330ml X 6 Pack,$24.00,
John Boston Pale Ale Bottles 330ml X 6 Pack,$17.00,
Kendall-jackson Vintner's Reserve Chardonnay 375ml,$22.00,
Kopparberg Hard Apple Cider 7% Cans 440ml X24 Case,$71.00,
Marie Brizard Liqueur Curacao Bleu 500ml,$35.00,
Mercury Hard Raspberry Can 6x375ml,$24.00,
Molly's Cradle Verdelho 750ml,$18.00,
Mumm Cordon Rouge 750ml,$85.00,
Nelson County Bourbon & Cola Black Cans 375ml X10 Pack,$45.00,
Nelson County Kentucky Bourbon 1l,$60.00,
Nelson County Zero Sugar Bourbon & Cola 375ml X6 Pack,$27.00,
Coopers Ultra Light 375ml X6 Pack,$9.75,$4.33 / 1L
Jose Cuervo Margarita Cocktail Mix 1l,$14.00,$14.00 / 1L
The Hills Cider Co Virgin Apple Cider Bottles 330ml X6 Pack,$13.00,$6.57 / 1L
Woolworths Home Brew Lager 1.7kg,$11.00,$6.47 / 1KG
Woolworths Homebrew Bottle Caps Crown Seals 100 Pack,$3.20,$0.03 / 1EA
Coopers Carbonated Drops 250g,$4.50,$18.00 / 1KG
Coopers Brew Enhancer No2 1kg,$10.00,$10.00 / 1KG
Coopers Pale Ale No1 Home Brew 1.7kg,$19.00,$11.18 / 1KG
Coopers Ultra Light 375ml X6 Pack,$9.75,$4.33 / 1L
Jose Cuervo Margarita Cocktail Mix 1l,$14.00,$14.00 / 1L
The Hills Cider Co Virgin Apple Cider Bottles 330ml X6 Pack,$13.00,$6.57 / 1L
Woolworths Home Brew Lager 1.7kg,$11.00,$6.47 / 1KG
Woolworths Homebrew Bottle Caps Crown Seals 100 Pack,$3.20,$0.03 / 1EA
Coopers Carbonated Drops 250g,$4.50,$18.00 / 1KG
Coopers Brew Enhancer No2 1kg,$10.00,$10.00 / 1KG
Coopers Pale Ale No1 Home Brew 1.7kg,$19.00,$11.18 / 1KG
Byron Bay Brewery Premium Lager Bottles 355ml X 6 Pack,$20.50,
Carlton Dry Cans 375ml X6 Pack,$23.00,
Cat Amongst The Pigeons Fat Cat Grenache 750ml,$22.00,
Choya Yume Grape Wine 750ml,$21.00,
Colossal Brewing Hopmosphere West Coast Ipa Cans 375ml X4 Pack,$25.00,
Coopers Pale Ale Bottles 750ml X 12 Pack,$68.00,
Coopers Sparkling Ale Stubbies 375ml X 6 Pack,$26.00,
Cupio Pinot Noir Wine On Tap Pouch 1.5l,$30.00,
Devil's Vine Merlot 750ml,$12.00,
Domaines Astruc Aoc Chardonnay White 750ml,$24.00,
Freixenet Multipacks Cordon Negro Brut Piccolo 24x200ml,$115.00,
Gentleman Jack Rare Tennessee Whiskey & Cola Cans 4x375ml,$28.00,
Gin O' Clock Pink Gin & Soda Can 250ml,$5.80,
Ginato Clementino Orange & Nebbiolo Grape Gin 700ml,$65.00,
Gordon's Dry Gin Miniatures 50ml,$12.00,
Gordon's London Dry Gin 350ml,$40.00,
Gordon's Mediterranean Orange Gin 700ml,$59.00,
Grand Marnier Miniatures 50ml,$9.00,
Hidden Ridge Cabernet Sauvignon 750ml,$18.00,
Hofler Premium Light Beer Bottle 330ml,$4.00,
Hollandia Premium Lager Beer Cans 500ml X 24 Case,$66.00,
Hungerford Hill Fish Cage Pinot Noir Shiraz 750ml,$22.00,
Coopers Ultra Light 375ml X6 Pack,$9.75,$4.33 / 1L
Jose Cuervo Margarita Cocktail Mix 1l,$14.00,$14.00 / 1L
The Hills Cider Co Virgin Apple Cider Bottles 330ml X6 Pack,$13.00,$6.57 / 1L
Woolworths Home Brew Lager 1.7kg,$11.00,$6.47 / 1KG
Woolworths Homebrew Bottle Caps Crown Seals 100 Pack,$3.20,$0.03 / 1EA
Coopers Carbonated Drops 250g,$4.50,$18.00 / 1KG
Coopers Brew Enhancer No2 1kg,$10.00,$10.00 / 1KG
Coopers Pale Ale No1 Home Brew 1.7kg,$19.00,$11.18 / 1KG
James Squire Broken Shackles Lager Bottles 330ml X 6 Pack,$24.00,
Jim Beam Double Serve Bourbon With Zero Sugar Cola Cans 375ml X 24 Case,$130.00,
John Boston The Guardhouse Golden Ale Bottles 330ml X 24 Case,$56.00,
Kopparberg Hard Apple Cider Cans 330ml X10 Pack,$27.00,
Kopparberg Hard Pear Cider 440ml X24 Case,$71.00,
Lanson Black Label Non Vintage Brut Non Vintage 750ml,$62.00,
Malfy Gin Rosa 700ml,$75.00,
Matso's Ginger Beer Bottles 330ml X 24 Case,$90.00,
Mists & Shadows Sea Chardonnay 750ml,$10.00,
Monsuta Okinawa Premium Draft 6 X 350ml,$25.00,
Monteith's Crushed Apple Cider Bottles 4x330ml Pack,$15.00,
Morris Liqueur Tawny 500ml,$20.00,
Nugan Estate King Valley Chardonnay Chardonnay 750ml,$25.00,
Peter Lehmann The Barossan Cabernet Sauvignon 750ml,$25.00,
Smirnoff Mango Passionfruit Twist Flavoured Vodka 700ml,$53.00,
Sparrow Moon Chardonnay 750ml,$20.00,
Stomping Ground Gipps St Pale Ale 4x6x355ml,$77.00,
Suntory 196 Double Grape Can 330ml X 24 Case,$120.00,
Coopers Ultra Light 375ml X6 Pack,$9.75,$4.33 / 1L
Jose Cuervo Margarita Cocktail Mix 1l,$14.00,$14.00 / 1L
The Hills Cider Co Virgin Apple Cider Bottles 330ml X6 Pack,$13.00,$6.57 / 1L
Woolworths Home Brew Lager 1.7kg,$11.00,$6.47 / 1KG
Woolworths Homebrew Bottle Caps Crown Seals 100 Pack,$3.20,$0.03 / 1EA
Coopers Carbonated Drops 250g,$4.50,$18.00 / 1KG
Coopers Brew Enhancer No2 1kg,$10.00,$10.00 / 1KG
Coopers Pale Ale No1 Home Brew 1.7kg,$19.00,$11.18 / 1KG
Tooheys Old Lager Bottles 750ml X 12 Pack,$79.00,
Vodka Cruiser Sugar Free Strawberry & Watermelon 24 X275ml,$89.00,
White Rabbit White Ale Bottles 330ml X 6 Pack,$28.00,
& Ginger Beer Cans 355ml X 4 Pack,$21.00,
1965 Reserva Whiskey Flask 200ml,$33.00,
4 Pines Aussie Wheat Ale Cans 375ml X 18 Case,$52.00,
4 Pines Pale Ale Bottles 330ml X 24 Case,$72.00,
Absolut Passionfruit Martini Can 250ml X 4 Pack,$22.00,
Algorithm Brewing Pale Ale Can 375ml,$5.00,
Alizé Bleu Liqueur 750ml,$69.00,
Amply's Hard Apple Cider Can 375ml X 10 Pack,$26.00,
Amplys Spicy Alcoholic Ginger Beer Cans 375ml X24 Pack,$123.00,
Artemis Pinot Noir 750ml,$26.00,
Australian Green Ant Gin 700ml,$90.00,
Aviation American Gin 700ml,$92.00,
Bacardi Mojito Can 250ml,$8.10,
Bacardi Pina Colada Cans 250ml X 4 Pack,$26.00,
Coopers Ultra Light 375ml X6 Pack,$9.75,$4.33 / 1L
Jose Cuervo Margarita Cocktail Mix 1l,$14.00,$14.00 / 1L
The Hills Cider Co Virgin Apple Cider Bottles 330ml X6 Pack,$13.00,$6.57 / 1L
Woolworths Home Brew Lager 1.7kg,$11.00,$6.47 / 1KG
Woolworths Homebrew Bottle Caps Crown Seals 100 Pack,$3.20,$0.03 / 1EA
Coopers Carbonated Drops 250g,$4.50,$18.00 / 1KG
Coopers Brew Enhancer No2 1kg,$10.00,$10.00 / 1KG
Coopers Pale Ale No1 Home Brew 1.7kg,$19.00,$11.18 / 1KG
Balter Hazy Cans 375ml X4 Pack,$25.00,
Balter Hazy Cans 4x4x375ml,$71.00,
Balter Ipa Cans 375ml X16 Case,$78.00,
Bentspoke Barley Griffin Cans 375ml X24 Case,$86.00,
Bentspoke Barley Griffin Cans 375ml X4 Pack,$20.00,
Bentspoke Crankshaft Cans 375ml X4 Pack,$24.00,
Better Beer Ginger Beer Low Sugar 355ml Xcase,$75.00,
Bimbadgen Verdelho 750ml,$24.00,
Bleasdale Red Varietal Malbec 750ml,$23.00,
Bluey Ultra Crisp Lager Bottles 330ml X24 Case,$50.00,
Bluey Ultra Crisp Lager Can 375ml X 30 Case,$57.00,
Bombay Sapphire Bombay Bramble Gin 700ml,$68.00,
Bombay Sapphire Distilled Gin With Mediterranean Lemon Infusion 700ml,$67.00,
Brokenwood Chardonnay 750ml,$27.00,
Brookland Valley Margaret River Chardonnay 750ml,$23.00,
Brookvale Union Passionfruit Vodka Cans 330ml X 6 Pack,$28.00,
Brookvale Union Vodka Peach Iced Tea Cans 330ml X24 Case,$104.00,
Brookvale Union Vokda Lemon Squash Low Sugar Cans 330ml X 10 Pack,$49.00,
Coopers Ultra Light 375ml X6 Pack,$9.75,$4.33 / 1L
Jose Cuervo Margarita Cocktail Mix 1l,$14.00,$14.00 / 1L
The Hills Cider Co Virgin Apple Cider Bottles 330ml X6 Pack,$13.00,$6.57 / 1L
Woolworths Home Brew Lager 1.7kg,$11.00,$6.47 / 1KG
Woolworths Homebrew Bottle Caps Crown Seals 100 Pack,$3.20,$0.03 / 1EA
Coopers Carbonated Drops 250g,$4.50,$18.00 / 1KG
Coopers Brew Enhancer No2 1kg,$10.00,$10.00 / 1KG
Coopers Pale Ale No1 Home Brew 1.7kg,$19.00,$11.18 / 1KG
Brown Brothers King Valley Prosecco 6x4x250ml,$120.00,
Brown Brothers Tarrango 750ml,$17.00,
Budweiser Beer Bottle 330ml X 24 Case,$71.00,
Budweiser Beer Bottle 330ml X 6 Pack,$23.50,
Burleigh Brewing Co. Big Head No Carb Beer Bottles 330ml X 24 Case,$72.00,
Burleigh Brewing Co. Big Head No Carb Beer Bottles 330ml X 6 Pack,$24.00,
Campari Negroni 500ml,$50.00,
Canadian Club & Dry Premium Cans 10x375ml,$57.00,
Canadian Club & Dry Premium Cans 4x375ml,$29.00,
Canadian Club & Dry Premium Cans Carton 24x375ml,$148.00,
Canadian Club Soda & Lime Cans 375ml X 10 Pack,$51.00,
Canadian Club Soda & Lime Cans 375ml X 6 Pack,$29.00,
Canadian Club Whisky & Dry 4.8% Bottles 24x330ml,$114.00,
Canadian Club Whisky & Dry Can 3x10x375ml,$144.00,
Cantails Espresso Martini Cans 150ml X 4 Pack,$25.00,
Captain Morgan Tropical Mango & Spiced Apple Cans 330ml X 4 Pack,$25.00,
Carlton Draught Lager Bottles 750ml X 12 Pack,$75.00,
Carlton Dry Bottle 330ml X 12 Pack,$37.00,
Carlton Dry Bottle 700ml X3 Pack,$20.00,
Coopers Ultra Light 375ml X6 Pack,$9.75,$4.33 / 1L
Jose Cuervo Margarita Cocktail Mix 1l,$14.00,$14.00 / 1L
The Hills Cider Co Virgin Apple Cider Bottles 330ml X6 Pack,$13.00,$6.57 / 1L
Woolworths Home Brew Lager 1.7kg,$11.00,$6.47 / 1KG
Woolworths Homebrew Bottle Caps Crown Seals 100 Pack,$3.20,$0.03 / 1EA
Coopers Carbonated Drops 250g,$4.50,$18.00 / 1KG
Coopers Brew Enhancer No2 1kg,$10.00,$10.00 / 1KG
Coopers Pale Ale No1 Home Brew 1.7kg,$19.00,$11.18 / 1KG
Coopers Ultra Light 375ml X6 Pack,$9.75,$4.33 / 1L
Jose Cuervo Margarita Cocktail Mix 1l,$14.00,$14.00 / 1L
The Hills Cider Co Virgin Apple Cider Bottles 330ml X6 Pack,$13.00,$6.57 / 1L
Woolworths Home Brew Lager 1.7kg,$11.00,$6.47 / 1KG
Woolworths Homebrew Bottle Caps Crown Seals 100 Pack,$3.20,$0.03 / 1EA
Coopers Carbonated Drops 250g,$4.50,$18.00 / 1KG
Coopers Brew Enhancer No2 1kg,$10.00,$10.00 / 1KG
Coopers Pale Ale No1 Home Brew 1.7kg,$19.00,$11.18 / 1KG
David Hook Pinot Grigio 750ml,$21.00,
Disaronno Liqueur Amaretto 700ml,$59.00,
Don Julio Repasado Tequila 750ml,$127.00,
Duperrey Champagne Rose' Brut Rose 750ml,$60.00,
Duperrey Premier Cru Brut Champagne Non Vintage 750ml,$55.00,
Elephant In The Room Pinot Noir 250ml 4 Pack,$20.00,
Ezra Brooks Kentucky Straight Bourbon 700ml,$59.00,
Fireball Cinnamon Flavoured Whisky With Apple 6.6% Cans 355ml X 4 Pack,$27.00,
Gin O' Clock Pink Gin & Soda Cans 250ml X 4 Pack,$17.00,
Ginger Resistance Hard Ginger Beer Cans 330ml X 24 Case,$83.00,
Glengoyne Whisky Single Malt 12 Year Old 700ml,$102.00,
Gordon's Passionfruit Gin 700ml,$59.00,
Great Northern Brewing Company Original Lager Bottles 700ml X 12 Pacl,$71.00,
Great Northern Brewing Company Original Lager Bottles 700ml X3 Pack,$20.00,
Green Fairy Absinth Liqueur 40ml,$14.50,
Green Fairy Absinth Liqueur 500ml,$85.00,
Coopers Ultra Light 375ml X6 Pack,$9.75,$4.33 / 1L
Jose Cuervo Margarita Cocktail Mix 1l,$14.00,$14.00 / 1L
The Hills Cider Co Virgin Apple Cider Bottles 330ml X6 Pack,$13.00,$6.57 / 1L
Woolworths Home Brew Lager 1.7kg,$11.00,$6.47 / 1KG
Woolworths Homebrew Bottle Caps Crown Seals 100 Pack,$3.20,$0.03 / 1EA
Coopers Carbonated Drops 250g,$4.50,$18.00 / 1KG
Coopers Brew Enhancer No2 1kg,$10.00,$10.00 / 1KG
Coopers Pale Ale No1 Home Brew 1.7kg,$19.00,$11.18 / 1KG
Greenall's London Dry Gin 1l,$67.00,
Hahn Superdry Low Carb Lager Bottles 700ml X 12 Pack,$79.00,
Hahn Ultra Low Carb Bottles 330ml X 24 Case,$61.00,
Hendrick's Lunar Gin 700ml,$86.00,
Hidden Ridge Cabernet Shiraz Merlot 750ml,$18.00,
High Pour Sally Passionfruit Martini Cans 250ml X 4 Pack,$15.00,
Hofler Premium Lager Beer Bottle 330ml,$4.50,
Hofler Premium Lager Beer Bottles 330ml X24 Case,$37.00,
Hofler Premium Lager Beer Bottles 330ml X6 Pack,$14.00,
Hogs 3 Bourbon 700ml,$50.00,
Hollandia Premium Lager Beer Bottles 330ml X 6 Pack,$19.50,
Hollandia Premium Lager Beer Bottles 650ml X 15 Pacj,$65.00,
Hollandia Premium Lager Beer Cans 500ml X 4 Pack,$16.00,
Hope Brewhouse Xpa Can Cans 375ml X4 Pack,$18.50,
Houndstooth Gin 700ml,$46.00,
Hughie Pale Lager Cans 375ml X24 Pack,$62.00,
Hughie Pale Lager Cans 375ml X6 Pack,$23.00,
Hungerford Hill Hunter Semillon 750ml,$28.00,
Husk Distillers Ink Gin 700ml,$79.00,
Jack Daniel's American Serve & Cola Cans 24x250ml,$172.00,
Jack Daniel's American Serve & Cola Cans 4x250ml,$35.00,
Coopers Ultra Light 375ml X6 Pack,$9.75,$4.33 / 1L
Jose Cuervo Margarita Cocktail Mix 1l,$14.00,$14.00 / 1L
The Hills Cider Co Virgin Apple Cider Bottles 330ml X6 Pack,$13.00,$6.57 / 1L
Woolworths Home Brew Lager 1.7kg,$11.00,$6.47 / 1KG
Woolworths Homebrew Bottle Caps Crown Seals 100 Pack,$3.20,$0.03 / 1EA
Coopers Carbonated Drops 250g,$4.50,$18.00 / 1KG
Coopers Brew Enhancer No2 1kg,$10.00,$10.00 / 1KG
Coopers Pale Ale No1 Home Brew 1.7kg,$19.00,$11.18 / 1KG
Jack Daniel's Bourbon Double Jack Can 24x375ml,$149.00,
Jack Daniel's Double Jack & Cola 20x375ml Case,$124.00,
Jack Daniel's Double Jack & Cola Bottle 4x330ml,$32.00,
James Boag's Premium Light Lager Bottles 375ml X 24pack,$60.00,
James Boag's Premium Light Lager Bottles 375ml X 6 Pack,$20.00,
Jim Beam Black Bourbon Double Serve Mixed With Cola 375ml X24 Case,$170.00,
Jim Beam White Double Serve Cans 375ml X10 Carton,$58.00,
Jim Beam White Label Bourbon 200ml,$30.00,
Jim Beam White Label Bourbon 375ml,$34.00,
Jim Beam White Label Bourbon Miniatures 50ml,$10.00,
Jim Beam White Label Cola Can 35ml X30 Pack,$144.00,
Jim Beam Zero Bourbon & Cola Cans 30x375ml Case,$144.00,
John Boston Lager Bottles 330ml X24 Case,$56.00,
John Boston Lager Bottles 330ml X6 Pack,$17.00,
John Boston Summer Ale Bottles 330ml X 24 Case,$54.00,
John Boston The Guardhouse Golden Ale Bottles 330ml X 6 Pack,$17.00,
Jolly Trotter Fleurieu Pinot Grigio 750ml,$12.00,
Kilkenny Original Draught Irish Ale Cans 440ml X 24 Pack,$85.00,
Coopers Ultra Light 375ml X6 Pack,$9.75,$4.33 / 1L
Jose Cuervo Margarita Cocktail Mix 1l,$14.00,$14.00 / 1L
The Hills Cider Co Virgin Apple Cider Bottles 330ml X6 Pack,$13.00,$6.57 / 1L
Woolworths Home Brew Lager 1.7kg,$11.00,$6.47 / 1KG
Woolworths Homebrew Bottle Caps Crown Seals 100 Pack,$3.20,$0.03 / 1EA
Coopers Carbonated Drops 250g,$4.50,$18.00 / 1KG
Coopers Brew Enhancer No2 1kg,$10.00,$10.00 / 1KG
Coopers Pale Ale No1 Home Brew 1.7kg,$19.00,$11.18 / 1KG
Kopparberg Hard Apple Cider 7% Cans 440ml X6 Pack,$20.00,
Kopparberg Hard Pear Cider 440ml X6 Pack,$20.00,
Kopparberg Hard Pear Cider Cans 330ml X 10 Pack,$27.00,
La Cantina Dry Red King Valley 750ml Bottle,$20.00,
Lisa Mcguigan Adelaide Hills Pinot Noir 750ml,$25.00,
Louis Auger Champagne Brut 750ml,$45.00,
Luxardo Limoncello 700ml,$44.00,
Malfy Con Arancia Gin 700ml,$75.00,
Manly Spirits Lilly Pilly Pink Gin 700ml,$83.00,
Margan Hunter Valley Chardonnay 750ml,$20.00,
Marie Brizard Liqueur Advokaat 500ml,$35.00,
Maxwell Fortified Mead Honey 750ml,$20.00,
Mcwilliam's Port Hanwood 750ml,$32.00,
Mercury Apple Cider Draught Bottles 24x375ml Case,$69.00,
Mercury Apple Cider Draught Cans 6x375ml Pack,$23.00,
Mercury Apple Cider Hard Cans 24x375ml Case,$59.00,
Mercury Apple Cider Hard Cans 30x375ml Case,$82.00,
Mercury Apple Cider Hard Cans 6x375ml Pack,$23.00,
Mex Strawberry Cream With Tequila 700ml,$34.00,
Coopers Ultra Light 375ml X6 Pack,$9.75,$4.33 / 1L
Jose Cuervo Margarita Cocktail Mix 1l,$14.00,$14.00 / 1L
The Hills Cider Co Virgin Apple Cider Bottles 330ml X6 Pack,$13.00,$6.57 / 1L
Woolworths Home Brew Lager 1.7kg,$11.00,$6.47 / 1KG
Woolworths Homebrew Bottle Caps Crown Seals 100 Pack,$3.20,$0.03 / 1EA
Coopers Carbonated Drops 250g,$4.50,$18.00 / 1KG
Coopers Brew Enhancer No2 1kg,$10.00,$10.00 / 1KG
Coopers Pale Ale No1 Home Brew 1.7kg,$19.00,$11.18 / 1KG
Mg London Dry Gin 700ml,$59.00,
Mg Rosa Gin 700ml,$60.00,
Midori Illusion Liqueur Pineapple 24x275ml,$109.00,
Mil Mediterranean Gin 700ml,$77.00,
Miller Chill Lager Bottle 330ml,$5.50,
Miller Chill Lager Bottles 330ml X6 Pack,$20.50,
Mirabeau Dry Rose Gin 700ml,$87.00,
Miracle On The Wire Central Ranges Cabernet Sauvignon 750ml,$14.00,
Monsuta Okinawa Dry Premium Draft Cans 350ml X24 Pack,$60.00,
Monsuta Okinawa Supreme Premium Beer Cans 350ml X 6 Pack,$26.00,
Monteith's Crushed Apple Cider Bottles 24x330ml Case,$75.00,
Mosey Fruity Beer Natural Blueberry Flavour Can 300ml X 4 Pack,$19.00,
Mosey Fruity Beer Natural Lime Flavour Can 300ml X 16 Case,$47.00,
Mosey Fruity Beer Natural Lime Flavour Can 300ml X 4 Pack,$19.00,
Mosey Fruity Beer Natural Passionfruit Flavour Can 300ml X 4 Pack,$19.00,
Mr Black Cold Brew Coffee Liqueur 700ml,$68.00,
Msc Boxtail Passionfruit Martini Cask 2l,$27.00,
Msc Boxtail Pink Gin Daiquiri Cask 2l,$27.00,
Msc Boxtails Raspberry & Lemon Fruit Tingle Cask 2l,$27.00,
Nelson County Bourbon & Cola 200nl X4 Pack,$29.00,
Nelson County Bourbon & Cola Cans 10x375ml,$38.00,
Nelson County Bourbon & Cola Cans 6x375ml,$27.00,
Nelson County Kentucky Blended Bourbon & Cola Cans 200ml X 10 Pack,$67.00,
Coopers Ultra Light 375ml X6 Pack,$9.75,$4.33 / 1L
Jose Cuervo Margarita Cocktail Mix 1l,$14.00,$14.00 / 1L
The Hills Cider Co Virgin Apple Cider Bottles 330ml X6 Pack,$13.00,$6.57 / 1L
Woolworths Home Brew Lager 1.7kg,$11.00,$6.47 / 1KG
Woolworths Homebrew Bottle Caps Crown Seals 100 Pack,$3.20,$0.03 / 1EA
Coopers Carbonated Drops 250g,$4.50,$18.00 / 1KG
Coopers Brew Enhancer No2 1kg,$10.00,$10.00 / 1KG
Coopers Pale Ale No1 Home Brew 1.7kg,$19.00,$11.18 / 1KG
Coopers Ultra Light 375ml X6 Pack,$9.75,$4.33 / 1L
Jose Cuervo Margarita Cocktail Mix 1l,$14.00,$14.00 / 1L
The Hills Cider Co Virgin Apple Cider Bottles 330ml X6 Pack,$13.00,$6.57 / 1L
Woolworths Home Brew Lager 1.7kg,$11.00,$6.47 / 1KG
Woolworths Homebrew Bottle Caps Crown Seals 100 Pack,$3.20,$0.03 / 1EA
Coopers Carbonated Drops 250g,$4.50,$18.00 / 1KG
Coopers Brew Enhancer No2 1kg,$10.00,$10.00 / 1KG
Coopers Pale Ale No1 Home Brew 1.7kg,$19.00,$11.18 / 1KG
Sail & Anchor Pale Ale Bottles 330ml X6 Pack,$19.00,
Scape Goat Low Sugar Berry Flavoured Cider Bottle 330ml,$6.00,
Southern Comfort & Cola 30x375ml Case,$138.00,
Southern Comfort Bourbon & Cola Cans 24x375ml,$138.00,
Stone's Ginger Joe Bottles 500ml X 12 Pack,$89.00,
Taylors Discoveries Merlot 750ml,$16.00,
The Azurial Spansh Grenache 750ml,$20.00,
The Butchers Friend Barossa Cabernet Sauvignon 750ml,$22.00,
Victoria Bitter Xtra Bitter Bottles 250ml X 24 Case,$54.00,
Victoria Bitter Xtra Bitter Bottles 250ml X 4 Pack,$17.00,
Whyte & Mackay Light Spirit Drink 700ml,$36.00,
Young Henrys Natural Lager Cans 375ml X 24 Case,$72.00,
Young Henrys Natural Lager Cans 375ml X 6 Pack,$25.00,
& Ginger Beer Cans 355ml X 16 Case,$75.00,
22 Districts Sauvignon Blanc 750ml,$24.00,
Coopers Ultra Light 375ml X6 Pack,$9.75,$4.33 / 1L
Jose Cuervo Margarita Cocktail Mix 1l,$14.00,$14.00 / 1L
The Hills Cider Co Virgin Apple Cider Bottles 330ml X6 Pack,$13.00,$6.57 / 1L
Woolworths Home Brew Lager 1.7kg,$11.00,$6.47 / 1KG
Woolworths Homebrew Bottle Caps Crown Seals 100 Pack,$3.20,$0.03 / 1EA
Coopers Carbonated Drops 250g,$4.50,$18.00 / 1KG
Coopers Brew Enhancer No2 1kg,$10.00,$10.00 / 1KG
Coopers Pale Ale No1 Home Brew 1.7kg,$19.00,$11.18 / 1KG
Coopers Ultra Light 375ml X6 Pack,$9.75,$4.33 / 1L
Jose Cuervo Margarita Cocktail Mix 1l,$14.00,$14.00 / 1L
The Hills Cider Co Virgin Apple Cider Bottles 330ml X6 Pack,$13.00,$6.57 / 1L
Woolworths Home Brew Lager 1.7kg,$11.00,$6.47 / 1KG
Woolworths Homebrew Bottle Caps Crown Seals 100 Pack,$3.20,$0.03 / 1EA
Coopers Carbonated Drops 250g,$4.50,$18.00 / 1KG
Coopers Brew Enhancer No2 1kg,$10.00,$10.00 / 1KG
Coopers Pale Ale No1 Home Brew 1.7kg,$19.00,$11.18 / 1KG
Coopers Ultra Light 375ml X6 Pack,$9.75,$4.33 / 1L
Jose Cuervo Margarita Cocktail Mix 1l,$14.00,$14.00 / 1L
The Hills Cider Co Virgin Apple Cider Bottles 330ml X6 Pack,$13.00,$6.57 / 1L
Woolworths Home Brew Lager 1.7kg,$11.00,$6.47 / 1KG
Woolworths Homebrew Bottle Caps Crown Seals 100 Pack,$3.20,$0.03 / 1EA
Coopers Carbonated Drops 250g,$4.50,$18.00 / 1KG
Coopers Brew Enhancer No2 1kg,$10.00,$10.00 / 1KG
Coopers Pale Ale No1 Home Brew 1.7kg,$19.00,$11.18 / 1KG
