Product Name,Price,Price per Unit
Zyrtec Rapid Acting Allergy & Hayfever Antihistamine Tablets 10 Pack,$13.00,$1.30 / 1EA
Vicks Vapodrops Throat Lozenges Original 42 Pack,$7.65,$0.18 / 1EA
Yankee Candle Home Inspiration Pink Island Sunset Candle Jar 340g,$20.00,
Yankee Candle Home Inspiration Sugared Blossom 340g,$20.00,
Fresh Tomato Each,$0.43,$0.43 / 1EA
Green Zucchini Each,$0.90,$0.90 / 1EA
Woolworths Diced Italian Tomatoes 400g,$1.10,$2.75 / 1KG
Market Value 24 Thin Beef Sausages 1.8kg,$12.00,$6.67 / 1KG
Woolworths 8 Beef Sausages 600g,$7.00,$11.67 / 1KG
Cavendish Bananas Each,$0.72,$0.72 / 1EA
Yankee Candle Home Inspiration Vanilla Frosting 340g,$20.00,
Yankee Candle Yankee Seasonal Jar Wild Daisy Meadow 340g,$20.00,
Botanica Reed Vanilla & Himalayan Magnolia 80ml,$15.00,$1.88 / 10ML
Pepperjack Shiraz Barossa 750ml,$20.00,
The Odd Bunch Zucchini Prepacked 750g,$2.70,$3.60 / 1KG
Essentials White Sugar 2kg,$2.20,$0.11 / 100G
Essentials White Sugar 1kg,$1.70,$0.17 / 100G
Woolworths Pasta Spaghetti 500g,$1.00,$0.20 / 100G
Woolworths 8 Beef Sausages Herb & Garlic 600g,$7.00,$11.67 / 1KG
Woolworths Gourmet Tomatoes Punnet 1kg,$3.90,$3.90 / 1KG
Woolworths White Rice Long Grain 1kg,$1.40,$0.14 / 100G
Ardmona Diced Vine Ripened Tomatoes 400g,$1.80,$4.50 / 1KG
Woolworths Tomato Soup 420g,$1.10,$0.26 / 100G
Select Gourmet Tomatoes 480g Punnet,$3.50,$7.29 / 1KG
Woolworths 8 Beef Sausages Honey Flavoured 600g,$7.00,$11.67 / 1KG
Woolworths 8 Pork Sausages 600g,$7.00,$11.67 / 1KG
Annalisa Tomatoes Diced 400g,$1.70,$4.25 / 1KG
Hass Avocado Each,$1.80,$1.80 / 1EA
Woolworths Diced Italian Tomatoes 800g,$2.00,$0.25 / 100G
Essentials White Sugar 3kg,$4.80,$0.16 / 100G
Woolworths 10 Thin Beef Sausages 600g,$7.00,$11.67 / 1KG
San Remo Thin Spaghetti No. 4 500g,$2.30,$0.46 / 100G
Zyrtec Rapid Acting Allergy & Hayfever Antihistamine Tablets 10 Pack,$13.00,$1.30 / 1EA
Vicks Vapodrops Throat Lozenges Original 42 Pack,$7.65,$0.18 / 1EA
Yankee Candle Home Inspiration Pink Island Sunset Candle Jar 340g,$20.00,
Yankee Candle Home Inspiration Sugared Blossom 340g,$20.00,
Fresh Tomato Each,$0.43,$0.43 / 1EA
Green Zucchini Each,$0.90,$0.90 / 1EA
Woolworths Diced Italian Tomatoes 400g,$1.10,$2.75 / 1KG
Market Value 24 Thin Beef Sausages 1.8kg,$12.00,$6.67 / 1KG
Woolworths 8 Beef Sausages 600g,$7.00,$11.67 / 1KG
Cavendish Bananas Each,$0.72,$0.72 / 1EA
Yankee Candle Home Inspiration Vanilla Frosting 340g,$20.00,
Yankee Candle Yankee Seasonal Jar Wild Daisy Meadow 340g,$20.00,
Botanica Reed Vanilla & Himalayan Magnolia 80ml,$15.00,$1.88 / 10ML
Pepperjack Shiraz Barossa 750ml,$20.00,
The Odd Bunch Zucchini Prepacked 750g,$2.70,$3.60 / 1KG
Essentials White Sugar 2kg,$2.20,$0.11 / 100G
Essentials White Sugar 1kg,$1.70,$0.17 / 100G
Woolworths Pasta Spaghetti 500g,$1.00,$0.20 / 100G
Woolworths 8 Beef Sausages Herb & Garlic 600g,$7.00,$11.67 / 1KG
Woolworths Gourmet Tomatoes Punnet 1kg,$3.90,$3.90 / 1KG
Woolworths White Rice Long Grain 1kg,$1.40,$0.14 / 100G
Ardmona Diced Vine Ripened Tomatoes 400g,$1.80,$4.50 / 1KG
Woolworths Tomato Soup 420g,$1.10,$0.26 / 100G
Select Gourmet Tomatoes 480g Punnet,$3.50,$7.29 / 1KG
Woolworths 8 Beef Sausages Honey Flavoured 600g,$7.00,$11.67 / 1KG
Woolworths 8 Pork Sausages 600g,$7.00,$11.67 / 1KG
Annalisa Tomatoes Diced 400g,$1.70,$4.25 / 1KG
Hass Avocado Each,$1.80,$1.80 / 1EA
Woolworths Diced Italian Tomatoes 800g,$2.00,$0.25 / 100G
Essentials White Sugar 3kg,$4.80,$0.16 / 100G
Woolworths 10 Thin Beef Sausages 600g,$7.00,$11.67 / 1KG
San Remo Thin Spaghetti No. 4 500g,$2.30,$0.46 / 100G
Csr White Sugar 1kg,$2.20,$0.22 / 100G
Macro Organic Tomatoes Diced No Added Salt 400g,$1.80,$4.50 / 1KG
Essentials Pasta Spaghetti 500g,$0.90,$0.18 / 100G
Essentials Raw Sugar 1kg,$1.80,$0.18 / 100G
Woolworths Vegetable Liquid Stock 1l,$1.90,$0.19 / 100ML
Barilla Pasta Spaghetti 500g,$3.50,$0.70 / 100G
Woolworths Butternut Pumpkin Cut Each,$2.28,$2.28 / 1EA
Essentials Diced Tomatoes 400g,$0.97,$0.24 / 100G
Woolworths 16 Beef Chipolatas 600g,$7.00,$11.67 / 1KG
Potato White Washed Each,$0.81,$0.81 / 1EA
Heinz Big Red Condensed Tomato Soup 420g,$2.00,$0.48 / 100G
Ardmona Crushed Vine Ripened Tomatoes 400g,$1.80,$4.39 / 1KG
Mutti Finely Chopped Tomatoes 400g,$2.30,$5.75 / 1KG
Campbell's Condensed Soup Tomato 420g,$2.20,$0.52 / 100G
Red Capsicum Each,$0.98,$0.98 / 1EA
Campbell's Real Stock Vegetable Liquid Stock 500ml,$2.75,$0.55 / 100ML
San Remo Spaghetti Pasta No 5 500g,$2.30,$0.46 / 100G
Sweet Potato Gold Each,$2.03,$2.03 / 1EA
Chicken Sandwich Schnitzel Each,$1.40,$1.40 / 1EA
Four'n Twenty Sausage Roll Jumbo 6 Pack,$7.50,$1.07 / 100G
Chicken Schnitzel Crumbed Each,$3.70,$3.70 / 1EA
Pumpkin Kent Cut Each,$2.03,$2.03 / 1EA
Essentials Raw Sugar 2kg,$3.20,$0.16 / 100G
Campbell's Real Stock Vegetable Salt Reduced Liquid Stock 1l,$4.50,$0.45 / 100ML
Red Capsicum Each,$0.98,$0.98 / 1EA
Fresh Tomato Each,$0.43,$0.43 / 1EA
Woolworths Onion Brown Bag 1kg,$3.20,$3.20 / 1KG
Green Zucchini Each,$0.90,$0.90 / 1EA
Pumpkin Kent Cut Each,$2.03,$2.03 / 1EA
Capsicum Green Each,$0.98,$0.98 / 1EA
Woolworths Diced Italian Tomatoes 400g,$1.10,$2.75 / 1KG
Woolworths 8 Beef Sausages 600g,$7.00,$11.67 / 1KG
Woolworths Party Sausage Rolls 24 Pack,$6.80,$0.76 / 100G
Essentials Raw Sugar 3kg,$4.80,$0.16 / 100G
Heinz Spaghetti Tomato & Cheese Pasta Tin Spaghetti Multipack 300g X3 Pack,$6.00,$0.67 / 100G
Spc Spaghetti Rich Tomato 420g,$2.20,$0.52 / 100G
Massel Gourmet Liquid Stock Vegetable 1l,$4.00,$0.40 / 100ML
Pauls Zymil Lactose Free Full Cream Long Life Milk 1l,$3.00,$3.00 / 1L
Woolworths Cook Beef Pepper Steaks 300g,$8.00,$26.67 / 1KG
Heinz Classic Creamy Pumpkin Soup Canned Vegetable Soup 535g,$2.20,$0.41 / 100G
Zucchini Green Punnet 500g,$3.50,$7.00 / 1KG
Woolworths Uht Skim Milk 1l,$1.60,$1.60 / 1L
Heinz Big Red Tomato Soup For One 300g,$2.30,$0.77 / 100G
Campbell's Real Stock Vegetable Liquid Stock 1l,$4.50,$0.45 / 100ML
Heinz Classic Creamy Tomato Soup Canned Vegetable Soup 535g,$2.20,$0.41 / 100G
Woolworths Baked Beans In Tomato Sauce 420g,$1.10,$0.26 / 100G
Woolworths Onion Brown Bag 1kg,$3.20,$3.20 / 1KG
Woolworths Chicken Liquid Stock 1l,$1.90,$0.19 / 100ML
Chicken Thigh Fillet Per Kg,$13.50,$13.50 / 1KG
Pumpkin Butternut Whole Each,$5.25,$5.25 / 1EA
Heinz Classic Hearty Vegetable Soup Canned Ready Meals 535g,$2.20,$0.41 / 100G
Woolworths 16 Pork Chipolatas 600g,$7.00,$11.67 / 1KG
Capsicum Green Each,$0.98,$0.98 / 1EA
Woolworths Microwave Brown Rice 250g,$1.75,$0.70 / 100G
Woolworths Microwave White Long Grain Rice Family 450g,$2.75,$0.61 / 100G
Vegeta Vegetable Gourmet Stock Powder 250g,$4.50,$0.18 / 10G
Red Capsicum Each,$0.98,$0.98 / 1EA
Fresh Tomato Each,$0.43,$0.43 / 1EA
Woolworths Onion Brown Bag 1kg,$3.20,$3.20 / 1KG
Green Zucchini Each,$0.90,$0.90 / 1EA
Pumpkin Kent Cut Each,$2.03,$2.03 / 1EA
Capsicum Green Each,$0.98,$0.98 / 1EA
Woolworths Diced Italian Tomatoes 400g,$1.10,$2.75 / 1KG
Woolworths 8 Beef Sausages 600g,$7.00,$11.67 / 1KG
Woolworths 8 Chicken Sausages 600g,$7.00,$11.67 / 1KG
Evergreen Wonton Wrappers 300g,$3.30,$1.10 / 100G
Sunrice Microwave Brown Rice Cup 125g X 2 Pack,$3.00,$1.20 / 100G
Woolworths Fresh Creamy Pumpkin Soup 300g,$3.00,$1.00 / 100G
Essentials Caster Sugar 1kg,$2.60,$0.26 / 100G
Campbell's Chunky Soup Beef & Veg 505g,$3.00,$0.59 / 100G
Sunrice Microwave Jasmine Rice Cup 125g X 2 Pack,$3.00,$1.20 / 100G
Csr Raw Sugar 1kg,$2.80,$0.28 / 100G
Mint Tongs 22cm 2 Pack,$3.50,
Ho Mai Spring Rolls Cocktail 1kg,$10.00,$1.00 / 100G
Spam Ham Classic 340g,$6.30,$18.53 / 1KG
Woolworths Homestyle Beef Rissoles 8 Pack,$8.50,$14.17 / 1KG
Dollar Sweets 100s & 1000s 190g,$2.30,$1.21 / 100G
Sellotape Sticky Tape Refill 18mmx25m 2 Pack,$3.95,
Woolworths Rspca Approved Chicken Breast Fillet Min. 250g,$10.00,$10.00 / 1KG
Heinz Spaghetti Multipack Pasta Tinned Spaghetti 220g X3 Pack,$4.90,$0.74 / 100G
Woolworths Microwave Basmati Rice 250g,$1.75,$0.70 / 100G
Chicken Schnitzel Parmi Crumbed Each,$3.70,$3.70 / 1EA
Campbell's Real Stock Beef Liquid Stock 1l,$4.50,$0.45 / 100ML
San Remo Rigatoni Pasta No 22 500g,$2.30,$0.46 / 100G
Woolworths Pasta Spirals 500g,$1.00,$0.20 / 100G
La Gina Italian Tomato Paste Passata 680g,$2.20,$0.32 / 100G
Leggo's Bolognese - Chunky Tomato Garlic & Herbs Pasta Sauce 500g,$4.30,$0.86 / 100G
Red Capsicum Each,$0.98,$0.98 / 1EA
Fresh Tomato Each,$0.43,$0.43 / 1EA
Woolworths Onion Brown Bag 1kg,$3.20,$3.20 / 1KG
Green Zucchini Each,$0.90,$0.90 / 1EA
Pumpkin Kent Cut Each,$2.03,$2.03 / 1EA
Capsicum Green Each,$0.98,$0.98 / 1EA
Woolworths Diced Italian Tomatoes 400g,$1.10,$2.75 / 1KG
Woolworths 8 Beef Sausages 600g,$7.00,$11.67 / 1KG
Heinz Big Red Salt Reduced Condensed Tomato Soup 420g,$2.00,$0.48 / 100G
Woolworths Aussie Beef Gluten Free Sausage Mince 500g,$6.00,$12.00 / 1KG
Spc Spaghetti Rich Tomato 4 X 220g,$6.00,$0.68 / 100G
Woolworths Fresh Chicken & Corn Soup Asian Style 300g,$3.00,$1.00 / 100G
Lipton Quality Black Tea Bags 100 Pack,$5.80,$0.06 / 1EA
Woolworths Microwave Jasmine Rice 250g,$1.75,$0.70 / 100G
Woolworths Beef & Lamb Meatballs 400g,$8.00,$20.00 / 1KG
Woolworths Beef Liquid Stock 1l,$1.90,$0.19 / 100ML
Mutti Parma Polpa Finely Chopped Tomatoes 790g,$4.30,$5.44 / 1KG
Woolworths Brown Rice Microwave Cups 2 Pack,$2.20,$0.88 / 100G
Spc Spag-a-saurus Tomato & Cheese 420g,$2.20,$0.52 / 100G
Ginger Fresh Per Kg,$27.00,$27.00 / 1KG
Pumpkin Kent Each,$4.64,$4.64 / 1EA
Patties Sausage Roll Party 450g,$9.50,$2.11 / 100G
Heinz Big Red Condensed Tomato Soup 820g,$3.90,$0.48 / 100G
Heinz Big N Chunky Beef & Vegetable Soup Veggie Ready Meals 535g,$2.20,$0.41 / 100G
Csr Raw Sugar 2kg,$3.90,$0.20 / 100G
Campbell's Real Stock Chicken Liquid Stock 1l,$4.50,$0.45 / 100ML
Sanitarium So Good Long Life Regular Soy Milk 1l,$2.20,$2.20 / 1L
Queen Imitation Flavouring Vanilla 300ml,$3.00,$1.00 / 100ML
Dollar Sweets Sprinkles Magic 100s & 1000s 350g,$4.50,$1.29 / 100G
Woolworths Frozen Strawberries 500g,$6.20,$12.40 / 1KG
Woolworths Chicken Bulk Schnitzels 1.5kg,$15.50,$10.33 / 1KG
Woolworths White Rice Long Grain 5kg,$7.00,$0.14 / 100G
Red Capsicum Each,$0.98,$0.98 / 1EA
Fresh Tomato Each,$0.43,$0.43 / 1EA
Woolworths Onion Brown Bag 1kg,$3.20,$3.20 / 1KG
Green Zucchini Each,$0.90,$0.90 / 1EA
Pumpkin Kent Cut Each,$2.03,$2.03 / 1EA
Capsicum Green Each,$0.98,$0.98 / 1EA
Woolworths Diced Italian Tomatoes 400g,$1.10,$2.75 / 1KG
Woolworths 8 Beef Sausages 600g,$7.00,$11.67 / 1KG
Woolworths Chicken Schnitzels 600g,$10.50,$17.50 / 1KG
Essentials Packet Soup Mix French Onion 40g,$0.45,$1.13 / 100G
Woolworths Potato & Leek Soup 300g,$3.00,$1.00 / 100G
Dolmio Classic Tomato With Basil Pasta Sauce 500g,$2.50,$0.50 / 100G
Heinz Spaghetti The Lil' One Multipack 130g X4 Pack,$5.70,$1.10 / 100G
Woolworths Chicken & Vegetable Soup Low Fat 300g,$3.00,$1.00 / 100G
Starbucks By Nespresso House Blend Coffee Pods Capsules 10 Pack,$5.90,$0.59 / 1EA
Woolworths Washed Potatoes Bag 2kg,$7.50,$3.75 / 1KG
Spud Lite Prepack Potato 1.5kg,$6.00,$4.00 / 1KG
Sunrice Microwave Basmati Rice Cup 120g X 2 Pack,$3.00,$1.25 / 100G
Heinz Classic Italian Minestrone Soup 535g,$2.20,$0.41 / 100G
Woolworths Jasmine Rice 1kg,$3.35,$0.34 / 100G
Woolworths Cook Marinated Lamb Steaks With Thyme Pepper & Garlic 270g,$8.50,$31.48 / 1KG
Woolworths Basmati Rice 1kg,$4.00,$0.40 / 100G
Continental Cup A Soup Creamy Chicken With Lots Of Noodles 2 Pack,$2.80,$4.67 / 100G
Massel Stock Powder Vegetable 168g,$3.75,$0.22 / 10G
Sunrice Microwave White Long Grain Rice Cup 125g X 2 Pack,$3.00,$1.20 / 100G
Woolworths Fresh Chicken Noodle Soup 300g,$3.00,$1.00 / 100G
Macro Chicken Tenderloins Free Range 450g - 650g,$13.00,$20.00 / 1KG
Essentials Chunky Pasta Sauce 700g,$2.50,$0.36 / 100G
Trang's Pastry Spring Roll Sheets 300g,$2.90,$0.97 / 100G
Woolworths Chickpeas No Added Salt 420g,$1.10,$0.26 / 100G
Mint Bamboo Skewer 25cm 200 Pack,$3.00,
Woolworths Party Pies 24 Pack,$6.50,$0.58 / 100G
Red Capsicum Each,$0.98,$0.98 / 1EA
Fresh Tomato Each,$0.43,$0.43 / 1EA
Woolworths Onion Brown Bag 1kg,$3.20,$3.20 / 1KG
Green Zucchini Each,$0.90,$0.90 / 1EA
Pumpkin Kent Cut Each,$2.03,$2.03 / 1EA
Capsicum Green Each,$0.98,$0.98 / 1EA
Woolworths Diced Italian Tomatoes 400g,$1.10,$2.75 / 1KG
Woolworths 8 Beef Sausages 600g,$7.00,$11.67 / 1KG
Massel Ultra Ultracubes Vegetable 105g,$3.40,$0.32 / 10G
Whole Earth Stevia Sugar Replacement Super Valuepack 350g,$6.90,$1.97 / 100G
Essentials Brown Sugar 1kg,$3.80,$0.38 / 100G
Vitasoy Oat Milk 1l,$3.30,$3.30 / 1L
Peppercorn Beef Burger Extra Lean 500g,$10.00,$20.00 / 1KG
Essentials Pasta Penne 500g,$0.90,$0.18 / 100G
Queen Organic Vanilla Extract 50ml,$4.00,$0.80 / 10ML
Just Rooibos African Tea Bags 40 Pack,$7.00,$0.18 / 1EA
Dolmio Extra Bolognese Tomato Pasta Sauce 500g,$4.00,$0.80 / 100G
Csr Caster Sugar 1kg,$3.00,$0.30 / 100G
The Odd Bunch Avocado Prepacked 1kg,$5.00,$5.00 / 1KG
Woolworths Gold Sweet Potatoes Bag 1kg,$4.50,$4.50 / 1KG
Borg's Pastizzis Triangles Spinach & Ricotta 360g,$3.50,$0.97 / 100G
Mrs Macs Microwave Giant Sausage Roll Frozen 175g,$3.20,$1.83 / 100G
Home Essentials Kitchen Manchester Cotton Tea Towel Set 5 Pack,$6.00,$1.20 / 1EA
Val Verde Passata Sauce 700g,$2.80,$0.40 / 100G
Herbert Adams Sausage Rolls King Island Beef Frozen 12 Pack,$8.50,$2.02 / 100G
Dolmio Extra Tomato Onion & Roast Garlic Pasta Sauce 500g,$4.00,$0.80 / 100G
Queen Natural Vanilla Extract 150ml,$9.00,$6.00 / 100ML
Bonsoy Long Life Soy Milk 1l,$3.90,$3.90 / 1L
Woolworths Chicken Schnitzels Garlic & Herb 600g,$10.50,$17.50 / 1KG
Woolworths Cook Pork Steaks With Sweet & Smokey Bbq Glaze 250g,$8.00,$32.00 / 1KG
Campbell's Condensed Soup Cream Of Chicken 420g,$2.20,$0.52 / 100G
Woolworths Fresh Pea & Ham Soup 300g,$3.00,$1.00 / 100G
Red Capsicum Each,$0.98,$0.98 / 1EA
Fresh Tomato Each,$0.43,$0.43 / 1EA
Woolworths Onion Brown Bag 1kg,$3.20,$3.20 / 1KG
Green Zucchini Each,$0.90,$0.90 / 1EA
Pumpkin Kent Cut Each,$2.03,$2.03 / 1EA
Capsicum Green Each,$0.98,$0.98 / 1EA
Woolworths Diced Italian Tomatoes 400g,$1.10,$2.75 / 1KG
Woolworths 8 Beef Sausages 600g,$7.00,$11.67 / 1KG
Sunrice Microwave Brown Rice & Quinoa Rice Cup 125g X 2 Pack,$3.50,$1.40 / 100G
Heinz Soup Of The Day Old Fashioned Chicken Soup Pouch 430g,$4.50,$1.05 / 100G
Campbell's Country Ladle Soup Chicken & Sweet Corn 505g,$3.00,$0.59 / 100G
Heinz Soup Of The Day Buttercup Pumpkin & Veg Soup Pouch 430g,$4.50,$1.05 / 100G
Woolworths Red Onions 1kg Bag,$3.90,$3.90 / 1KG
Heinz Soup Of The Day 7 Veg With Garden Herbs Soup Pouch 430g,$4.50,$1.05 / 100G
Csr Brown Sugar 1kg,$4.30,$0.43 / 100G
Mint Silicone Tongs 2 Pack,$7.00,
Heinz Beanz Baked Beans In Tomato Sauce Multipack 300g X3 Pack,$6.00,$0.67 / 100G
Continental Cup A Soup Creamy Chicken & Corn With Croutons 30g X 2 Pack,$2.80,$4.67 / 100G
Spc Baked Beans Rich Tomato 425g,$2.20,$0.52 / 100G
Essentials Parmesan Cheese 100g,$2.00,$20.00 / 1KG
Woolworths Pasta Macaroni 500g,$1.00,$0.20 / 100G
Woolworths White Washed Baby Potatoes Bag 1kg,$3.80,$3.80 / 1KG
Woolworths Angus Beef Burgers Sea Salt & Pepper 450g,$9.00,$20.00 / 1KG
Woolworths Lentils No Added Salt 420g,$1.10,$0.26 / 100G
Leggos Fresh Veal Tortellini 630g,$7.00,$1.11 / 100G
Continental Cup A Soup Classic Chicken Noodle 4 Pack,$3.00,$7.50 / 100G
Paperclick Scissors Soft Grip Each,$4.00,
Patties Party Pack Mini Pies & Sausage Rolls 1kg,$16.90,$1.69 / 100G
Strepsils Sore Throat Antibacterial Lozenge Honey & Lemon 16 Pack,$6.00,$0.38 / 1EA
Essentials Tomato Paste 500g,$1.40,$0.28 / 100G
Campbell's Real Stock Chicken Liquid Stock 500ml,$2.75,$0.55 / 100ML
Red Capsicum Each,$0.98,$0.98 / 1EA
Fresh Tomato Each,$0.43,$0.43 / 1EA
Woolworths Onion Brown Bag 1kg,$3.20,$3.20 / 1KG
Green Zucchini Each,$0.90,$0.90 / 1EA
Pumpkin Kent Cut Each,$2.03,$2.03 / 1EA
Capsicum Green Each,$0.98,$0.98 / 1EA
Woolworths Diced Italian Tomatoes 400g,$1.10,$2.75 / 1KG
Woolworths 8 Beef Sausages 600g,$7.00,$11.67 / 1KG
San Remo Trivelle Pasta 500g,$2.30,$0.46 / 100G
Continental Cup A Soup Asian Laksa 2 Pack 65g,$2.80,$4.31 / 100G
Woolworths Chunky Vegetable Soup 300g,$3.00,$1.00 / 100G
Eggplant Fresh Each,$3.17,$3.17 / 1EA
Woolworths Bbq Classic Beef Burger 4 Pack,$8.50,$17.00 / 1KG
Mint Silicone Tongs 30cm Each,$6.00,
Woolworths Pork Shoulder Roast Boneless 1.3kg - 2.8kg,$22.40,$8.00 / 1KG
Essentials Plain Flour 1kg,$1.20,$1.20 / 1KG
Latina Fresh Veal Tortellini Pasta 625g,$8.50,$1.36 / 100G
Campbell's Real Stock Chicken Salt Reduced Liquid Stock 1l,$4.50,$0.45 / 100ML
San Remo Spirals Large Pasta 500g,$2.30,$0.46 / 100G
Woolworths Meat Pies 6 Pack,$5.70,$0.63 / 100G
Maggie Beer Natural Vegetable Stock 500ml,$5.00,$1.00 / 100ML
Woolworths Rolled Traditional Oats 750g,$1.40,$0.19 / 100G
Viennetta Streets Vanilla Ice Cream Dessert Cake 650ml,$8.00,$1.23 / 100ML
Campbell's Country Ladle Soup Minestrone 495g,$3.00,$0.61 / 100G
Essentials Kitchen Scissors Each,$2.50,
Woolworths Red Kidney Beans No Added Salt 420g,$1.10,$0.26 / 100G
Zyrtec Rapid Acting Allergy & Hayfever Antihistamine Tablets 10 Pack,$13.00,$1.30 / 1EA
Chicken Legs Drumsticks Per Kg,$4.00,$4.00 / 1KG
Woolworths Basmati Rice Microwave Cup 2 X125g,$2.20,$0.88 / 100G
Campbell's Country Ladle Soup Creamy Chicken 500g,$3.00,$0.60 / 100G
Ben's Original Savoury Chicken Flavour Microwave Rice Pouch 250g,$2.00,$0.80 / 100G
Red Capsicum Each,$0.98,$0.98 / 1EA
Fresh Tomato Each,$0.43,$0.43 / 1EA
Woolworths Onion Brown Bag 1kg,$3.20,$3.20 / 1KG
Green Zucchini Each,$0.90,$0.90 / 1EA
Pumpkin Kent Cut Each,$2.03,$2.03 / 1EA
Capsicum Green Each,$0.98,$0.98 / 1EA
Woolworths Diced Italian Tomatoes 400g,$1.10,$2.75 / 1KG
Woolworths 8 Beef Sausages 600g,$7.00,$11.67 / 1KG
Higher Living Rooibos African Tea 40 Pack,$5.50,$0.14 / 1EA
Vegeta Chicken Stock Powder 200g,$4.50,$0.23 / 10G
Woolworths Brown Onions Bag 2kg,$4.00,$2.00 / 1KG
Woolworths Chicken Liquid Stock Salt Reduced 1l,$1.90,$0.19 / 100ML
Sunrice White Rice Calrose Medium Grain 10kg,$38.00,$0.38 / 100G
Campbell's Condensed Soup Cream Of Mushroom 420g,$2.20,$0.52 / 100G
Woolworths Brushed Potatoes Bag 4kg,$7.00,$1.75 / 1KG
Massel Gourmet Liquid Stock Chicken 1l,$4.00,$0.40 / 100ML
Macro Organic Spirals Pasta 500g,$1.65,$0.33 / 100G
Sugarless Stevia Organic 350g,$8.50,$2.43 / 100G
Csr Brown Sugar 500g,$2.50,$0.50 / 100G
Chan's Yum Cha Vegan Spring Roll 300g,$5.50,$1.83 / 100G
Swisse Ultiboost Zinc+ Tablets 60 Pack,$17.00,$28.33 / 100EA
Essentials Icing Sugar Mixture 1kg,$4.20,$0.42 / 100G
Woolworths Chicken Kyiv Garlic Each,$3.00,$3.00 / 1EA
Sunrice Microwave Jasmine Rice Pouch 450g,$4.00,$0.89 / 100G
Strepsils Double Antibacterial? Soothing Throat Lozenge Honey And Lemon 36 Pack,$12.00,$0.33 / 1EA
Woolworths Pork Leg Roast Boneless 1.2kg - 2.6kg,$28.60,$11.00 / 1KG
Ben's Original Mexican Style Microwave Rice Pouch 250g,$2.00,$0.80 / 100G
Woolworths Red Washed Potatoes Bag 2kg,$7.50,$3.75 / 1KG
San Remo Gluten Free Spaghetti 350g,$4.50,$1.29 / 100G
Campbell's Real Stock Beef Liquid Stock 500ml,$2.75,$0.55 / 100ML
Red Capsicum Each,$0.98,$0.98 / 1EA
Fresh Tomato Each,$0.43,$0.43 / 1EA
Woolworths Onion Brown Bag 1kg,$3.20,$3.20 / 1KG
Green Zucchini Each,$0.90,$0.90 / 1EA
Pumpkin Kent Cut Each,$2.03,$2.03 / 1EA
Capsicum Green Each,$0.98,$0.98 / 1EA
Woolworths Diced Italian Tomatoes 400g,$1.10,$2.75 / 1KG
Woolworths 8 Beef Sausages 600g,$7.00,$11.67 / 1KG
Woolworths Pasta Penne Rigate 500g,$1.00,$0.20 / 100G
Dolmio Traditional Recipe Classic Tomato Pasta Sauce 500g,$2.50,$0.50 / 100G
Woolworths Black Beans No Added Salt Can 420g,$1.10,$0.26 / 100G
Woolworths Lean Pork Mince 500g,$6.00,$12.00 / 1KG
Mutti Passata Tomato Puree 400g,$3.70,$0.93 / 100G
Devondale 100% Pure Full Cream Long Life Milk 1l,$2.20,$2.20 / 1L
Vicks Vaporub Decongestant Rub 100g,$14.90,$14.90 / 100G
Macro Free Range Chicken Thigh Fillet 900 - 1.1kg,$20.40,$17.00 / 1KG
Dolmio Extra Red Wine & Italian Herbs Tomato Pasta Sauce 500g,$4.00,$0.80 / 100G
Woolworths Rspca Approved Chicken Stirfry 500g,$8.00,$16.00 / 1KG
Mint Dessert Spoons Stainless Steel 4 Pack,$7.00,
Patties Party Pies Frozen 12 Pack,$7.50,$1.34 / 100G
Oxo Chicken Stock Cubes 71g,$2.30,$0.32 / 10G
Queen Organic Vanilla Bean Paste 140g,$16.50,$11.79 / 100G
Fry's Meat Free Schnitzels With Soy & Flaxseed 320g,$6.50,$2.03 / 100G
Woolworths Brown Rice Grain 1kg,$2.50,$0.25 / 100G
Campbell's Real Stock Chicken Liquid Stock 250ml,$1.80,$0.72 / 100ML
Woolworths Free From Lactose Lite Milk 1l,$2.00,$2.00 / 1L
Oxo Beef Stock Cubes 71g,$2.30,$0.32 / 10G
Riviana Arborio Rice 1kg,$7.00,$0.70 / 100G
Heinz Beanz Baked Beans In Tomato Sauce Multipack 220g X3 Pack,$4.90,$0.74 / 100G
Sanitarium So Good Long Life Unsweetened Almond Milk 1l,$2.00,$2.00 / 1L
Red Capsicum Each,$0.98,$0.98 / 1EA
Fresh Tomato Each,$0.43,$0.43 / 1EA
Woolworths Onion Brown Bag 1kg,$3.20,$3.20 / 1KG
Green Zucchini Each,$0.90,$0.90 / 1EA
Pumpkin Kent Cut Each,$2.03,$2.03 / 1EA
Capsicum Green Each,$0.98,$0.98 / 1EA
Woolworths Diced Italian Tomatoes 400g,$1.10,$2.75 / 1KG
Woolworths 8 Beef Sausages 600g,$7.00,$11.67 / 1KG
Leggos Fresh Ricotta & Vegetable Tortellini 630g,$7.00,$1.11 / 100G
"Leggos Pizza Sauce Garlic, Onion & Herbs Squeeze 400g",$4.50,$1.13 / 100G
The Odd Bunch Capsicum Prepacked 1kg,$3.00,$3.00 / 1KG
Macro Organic Chickpeas 425g,$1.50,$0.35 / 100G
Sunrice Microwave Brown Rice Pouch 450g,$4.00,$0.89 / 100G
Steggles Family Roast Chicken Whole 1.9kg - 3.1kg,$12.40,$4.00 / 1KG
Massel Stock Powder Chicken 168g,$3.75,$0.22 / 10G
Vicks Vapodrops Throat Lozenges Original 42 Pack,$7.65,$0.18 / 1EA
Macro Organic Pasta Sauce Chunky Tomato Garlic Basil 500g,$2.30,$0.46 / 100G
Strength Meals Co Chicken Laksa High Protein Soup 400g,$4.70,$1.18 / 100G
Continental Cup A Soup Creamy Chicken With Croutons 30g X 2 Pack,$2.80,$4.67 / 100G
Continental Cup A Soup Chicken With Lots Of Noodles 2 Pack,$2.80,$4.67 / 100G
Four'n Twenty Pies Meat 4 Pack,$8.50,$1.21 / 100G
Woolworths &veg Beef Meatballs With Carrot Celery Tomato & Onion 400g,$8.00,$20.00 / 1KG
Csr Icing Sugar Pure 500g,$2.50,$0.50 / 100G
Macro Chicken Breast Fillets Free Range 500g - 600g,$10.20,$17.00 / 1KG
Queen Natural Vanilla Concentrated Extract 50ml,$6.40,$1.28 / 10ML
Essentials Self Raising Flour 1kg,$1.20,$1.20 / 1KG
Spc Baked Beans Rich Tomato 220g X 4 Pack,$6.00,$0.68 / 100G
Leggos Tuna Bake 500g,$4.00,$0.80 / 100G
Essentials Terry Tea Towels 40cm X 60xm Assorted 5 Pack,$10.00,
Bostik Blu-tack 75g,$3.10,
Red Capsicum Each,$0.98,$0.98 / 1EA
Fresh Tomato Each,$0.43,$0.43 / 1EA
Woolworths Onion Brown Bag 1kg,$3.20,$3.20 / 1KG
Green Zucchini Each,$0.90,$0.90 / 1EA
Pumpkin Kent Cut Each,$2.03,$2.03 / 1EA
Capsicum Green Each,$0.98,$0.98 / 1EA
Woolworths Diced Italian Tomatoes 400g,$1.10,$2.75 / 1KG
Woolworths 8 Beef Sausages 600g,$7.00,$11.67 / 1KG
Natvia 100% Natural Sweetener 350g,$5.80,$1.66 / 100G
Maggie Beer Natural Chicken Stock 500ml,$5.00,$1.00 / 100ML
Uncle Tobys Oats Traditonal Rolled Oats Porridge 1kg,$6.50,$0.65 / 100G
Woolworths Microwave Brown Rice Family Size 450g,$2.75,$0.61 / 100G
Continental Simmer Soup Chicken Noodle 45g,$1.20,$2.67 / 100G
Herbert Adams Cream Cheese & Spinach Savoury Rolls 2 Pack,$6.00,$1.58 / 100G
Garlic Heads 3 Pack,$3.30,$1.10 / 1EA
Continental Sensations Stock Pot Chicken Chicken 28g X 4 Pack,$2.25,$0.20 / 10G
Mint Silicone Tongs 22cm Each,$5.00,
Leggos Fresh Beef Tomato & Parmesan Ravioli 630g,$7.00,$1.11 / 100G
Continental Superb Stock Liquid Stock Chicken 1l,$2.00,$0.20 / 100ML
Leggo's Pasta Bake Creamy Sundried Tomato & Garlic 500g,$4.00,$0.80 / 100G
Sunrice Jasmine Fragrant Rice 5kg,$12.00,$0.24 / 100G
Campbell's Real Stock Chicken Salt Reduced Liquid Stock 500ml,$2.75,$0.55 / 100ML
Continental Cup A Soup Chinese Chicken & Corn With Lots Of Noodles 2 Pack,$2.80,$4.24 / 100G
Campbell's Real Stock Beef Salt Reduced Liquid Stock 1l,$4.50,$0.45 / 100ML
Nestle Milo Choc-malt 1kg,$15.50,$1.55 / 100G
Macro Chicken Breast Fillets Free Range 800g - 1.1kg,$16.50,$15.00 / 1KG
Heilala Baking Blend Vanilla Extract 125ml,$8.00,$6.40 / 100ML
Pureharvest Rice Malt Syrup 500g,$3.80,$0.76 / 100G
Essentials Cornflour 500g,$2.25,$4.50 / 1KG
Csr Icing Sugar Soft Mixture 1kg,$4.50,$0.45 / 100G
Sunrice Microwave Basmati Rice Pouch 450g,$4.00,$0.89 / 100G
Red Capsicum Each,$0.98,$0.98 / 1EA
Fresh Tomato Each,$0.43,$0.43 / 1EA
Woolworths Onion Brown Bag 1kg,$3.20,$3.20 / 1KG
Green Zucchini Each,$0.90,$0.90 / 1EA
Pumpkin Kent Cut Each,$2.03,$2.03 / 1EA
Capsicum Green Each,$0.98,$0.98 / 1EA
Woolworths Diced Italian Tomatoes 400g,$1.10,$2.75 / 1KG
Woolworths 8 Beef Sausages 600g,$7.00,$11.67 / 1KG
Strength Meals Co Smoky Pea And Ham High Protein Soup 400g,$4.70,$1.18 / 100G
Mint Stainless Steel Strainer 20cm Each,$10.00,
Woolworths Zucchini Slice Chilled Meal 700g,$13.50,$1.93 / 100G
Barilla Pasta Gluten Free Spaghetti 340g,$4.70,$1.38 / 100G
Rana Ricotta & Spinach Tortellini Pasta 325g,$8.00,$2.46 / 100G
Edgell Australian Super Sweet Corn Kernels 125g X4 Pack,$3.80,$7.60 / 1KG
San Remo Penne Pasta No 18 500g,$2.30,$0.46 / 100G
Dari's Chicken Noodle Soup 550g,$6.85,$1.25 / 100G
Equal Sweetener Sachets 100 Pack,$6.60,$6.60 / 100EA
Sellotape Masking Tape 24mm X 18m Each,$2.80,
Dari's Chicken & Corn Soup 550g,$6.85,$1.25 / 100G
Woolworths Pork & Beef Mince 500g,$6.50,$13.00 / 1KG
Heinz Beanz Baked Beans In Tomato Sauce Multipack 130g X4 Pack,$5.70,$1.10 / 100G
Queen Fairtrade Vanilla Extract With Seeds 50ml,$8.00,$1.60 / 10ML
Dilmah Premium Quality Tea Bags 100 Pack,$5.85,$0.06 / 1EA
Telfast Hayfever Allergy Relief 120mg Antihistamine Tablets 10 Pack,$12.60,$1.26 / 1EA
Dari's Hearty Chicken Soup 550g,$6.85,$1.25 / 100G
T2 French Earl Grey Black Tea Bags 25 Pack,$16.00,$0.64 / 1EA
La Zuppa Soup Pouch Chicken & Vegetable 540g,$3.95,$0.73 / 100G
Continental Cup A Soup Classic Cream Of Chicken 75g,$3.00,$4.00 / 100G
Capsicum Yellow Each,$1.73,$1.73 / 1EA
Mint Stainless Steel Whisk Each,$6.50,
Continental Simmer Soup French Onion 40g,$1.20,$3.00 / 100G
Macro Organic Flour White Spelt 750g,$7.50,$10.00 / 1KG
Red Capsicum Each,$0.98,$0.98 / 1EA
Fresh Tomato Each,$0.43,$0.43 / 1EA
Woolworths Onion Brown Bag 1kg,$3.20,$3.20 / 1KG
Green Zucchini Each,$0.90,$0.90 / 1EA
Pumpkin Kent Cut Each,$2.03,$2.03 / 1EA
Capsicum Green Each,$0.98,$0.98 / 1EA
Woolworths Diced Italian Tomatoes 400g,$1.10,$2.75 / 1KG
Woolworths 8 Beef Sausages 600g,$7.00,$11.67 / 1KG
Woolworths Jasmine Rice 5kg,$14.00,$0.28 / 100G
Cenovis Zinc Plus Tablets For General Wellbeing + Skin Health 150 Pack,$13.90,$9.27 / 100EA
Mckenzie's Cream Of Tartar 125g,$4.00,$3.20 / 100G
Woolworths Cook Roast Beef With Onion & Garlic Gravy 500g,$13.00,$26.00 / 1KG
Macro Free Range Chicken Breast Schnitzel 500g,$10.50,$21.00 / 1KG
Latina Fresh Beef Ravioli Pasta Ravioli 625g,$8.50,$1.36 / 100G
Edgell Corn Kernels Whole 420g,$2.20,$5.24 / 1KG
Strength Meals Co Spiced Pumpkin & Lentil High Protein Soup 400g,$4.70,$1.18 / 100G
Woolworths Golden Syrup 400g,$2.20,$0.55 / 100G
Mckenzie's Bi Carb Soda 1kg,$3.15,$0.32 / 100G
Macro Chicken Thigh Fillets Free Range 480g - 550g,$10.18,$18.50 / 1KG
"Sharpie Permanent Marker Pens Fine Point, Black 2 Pack",$5.60,
Woolworths Vegetable Spring Rolls Chilled Meal 200g,$6.50,$3.25 / 100G
Dari's Classic Vegetable Soup 550g,$6.85,$1.25 / 100G
Heinz Baked Beans Canned Beans In Tomato Sauce 555g,$2.80,$0.50 / 100G
Telfast Hayfever Allergy Relief 180mg Antihistamine Tablets 5 Pack,$8.40,$1.68 / 1EA
Woolworths Cook Chicken Breast Steaks Lemon & Pepper 500g,$10.50,$21.00 / 1KG
Streets Blue Ribbon Ice Cream 2l,$7.00,$0.35 / 100ML
Campbell's Real Stock Beef Liquid Stock 250ml,$1.80,$0.72 / 100ML
Rana Ricotta & Spinach Tortellini 565g,$9.00,$1.59 / 100G
Woolworths Frozen Blueberries 500g,$6.20,$12.40 / 1KG
La Zuppa Soup Pouch Roasted Pumpkin 540g,$3.95,$0.73 / 100G
Woolworths Frozen Mixed Berries 1kg,$11.00,$11.00 / 1KG
Moccona Freeze Dried Instant Coffee Classic Medium Roast 400g,$19.50,$4.88 / 100G
Red Capsicum Each,$0.98,$0.98 / 1EA
Fresh Tomato Each,$0.43,$0.43 / 1EA
Woolworths Onion Brown Bag 1kg,$3.20,$3.20 / 1KG
Green Zucchini Each,$0.90,$0.90 / 1EA
Pumpkin Kent Cut Each,$2.03,$2.03 / 1EA
Capsicum Green Each,$0.98,$0.98 / 1EA
Woolworths Diced Italian Tomatoes 400g,$1.10,$2.75 / 1KG
Woolworths 8 Beef Sausages 600g,$7.00,$11.67 / 1KG
Sanitarium So Good Barista Edition Oat Milk 1l,$4.00,$4.00 / 1L
Woolworths Fresh Minestrone Soup Low Fat 300g,$3.00,$1.00 / 100G
Massel Stock Powder Beef 168g,$3.75,$0.22 / 10G
Macro Organic Passata 700g,$2.50,$0.36 / 100G
Quorn Mince 300g,$7.00,$2.33 / 100G
Sanitarium So Good Barista Edition Almond Milk 1l,$4.00,$4.00 / 1L
Leggos Ravioli Beef Tomato & Parmesan 360g,$6.00,$1.67 / 100G
Woolworths Wholemeal Self Raising Flour 1kg,$2.00,$2.00 / 1KG
Massel Ultracubes Chicken 105g,$3.40,$0.32 / 10G
Uncle Tobys Oats Quick Sachets Creamy Honey Porridge 350g,$6.30,$1.80 / 100G
Uncle Tobys Oats Quick Rolled Oats Porridge 1kg,$6.50,$0.65 / 100G
Essentials Cake Mix Vanilla 340g,$0.90,$0.26 / 100G
Edgell Australian Grown Chickpeas 400g,$2.20,$0.55 / 100G
Woolworths Quick Oats 750g,$1.40,$0.19 / 100G
Fry's Meat Free Family Sausage Rolls Frozen Meal 400g,$6.50,$1.63 / 100G
Macro Whole Chicken Free Range 1.15kg - 2.25kg,$14.63,$6.50 / 1KG
Woolworths Cook Chicken Breast Steaks Sweet Soy Bbq 500g,$10.50,$21.00 / 1KG
Csr Golden Syrup Squeeze 500g,$4.50,$0.90 / 100G
Dari's Lentil Soup 550g,$6.85,$1.25 / 100G
Macro Organic Black Bean No Added Salt 420g,$1.50,$0.36 / 100G
Mint Kitchen Scissors Each,$10.00,
Barilla Bolognese Pasta Sauce 400g,$4.60,$1.15 / 100G
Baily & Baily Silhouette Sauvignon Blanc 1l,$8.00,
Red Capsicum Each,$0.98,$0.98 / 1EA
Fresh Tomato Each,$0.43,$0.43 / 1EA
Woolworths Onion Brown Bag 1kg,$3.20,$3.20 / 1KG
Green Zucchini Each,$0.90,$0.90 / 1EA
Pumpkin Kent Cut Each,$2.03,$2.03 / 1EA
Capsicum Green Each,$0.98,$0.98 / 1EA
Woolworths Diced Italian Tomatoes 400g,$1.10,$2.75 / 1KG
Woolworths 8 Beef Sausages 600g,$7.00,$11.67 / 1KG
Home Chef Quiche Lorraine Chilled Meal 700g,$9.00,$1.29 / 100G
Edgell Corn Kernels Canned Snack Packs 125g X 4 Pack,$3.80,$7.60 / 1KG
Leggo's Pasta Bake Creamy Tomato & Mozzarella 500g,$4.00,$0.80 / 100G
Csr Golden Syrup 850g,$5.55,$0.65 / 100G
Uncle Tobys Oats Quick Sachets Big Bowl Creamy Honey Porridge 368g,$6.50,$1.77 / 100G
Essentials Bicarbonate Soda 500g,$2.45,$0.49 / 100G
Woolworths Unsweetened Almond Milk 1l,$2.00,$2.00 / 1L
Home Chef Quiche Spinach & Feta Chilled Meal 700g,$9.00,$1.29 / 100G
Cadbury Baking Milk Chocolate Chips 200g,$3.50,$1.75 / 100G
Four'n Twenty Pies Beef & Cheese 700g,$8.50,$1.21 / 100G
Mutti Passata 700g,$4.80,$0.69 / 100G
San Remo Bows Ties Pasta No 23 500g,$2.30,$0.46 / 100G
Vicks Vaporub Easy Applicator Decongestant Rub 35g,$11.45,$32.71 / 100G
Woolworths Southern Style Buttermilk Chicken Thigh Fillet Burgers 350g,$9.00,$25.71 / 1KG
Sanitarium So Good Oat No Added Sugar Uht Milk 1l,$2.80,$2.80 / 1L
Sara Lee Tiramisu 415g,$8.50,$2.05 / 100G
Macro Chicken Wing Nibbles Free Range 600g - 800g,$7.20,$9.00 / 1KG
Woolworths Basmati Rice 5kg,$18.00,$0.36 / 100G
Woolworths Roasted Garlic Chicken Tenderloins 400g,$9.50,$23.75 / 1KG
Sanitarium So Good Long Life Original Almond Milk 1l,$2.00,$2.00 / 1L
Macro Organic Flour Wholemeal Spelt 750g,$7.50,$10.00 / 1KG
Woolworths Rspca Approved Chicken Breast Fillet 1.5kg - 1.7kg,$18.70,$11.00 / 1KG
Woolworths Rspca Approved Fresh Chicken Thigh Fillets Skinless Tray 1.3kg - 2kg,$27.00,$13.50 / 1KG
Leggos Fresh Roasted Pumpkin  & Feta Ravioli 630g,$7.00,$1.11 / 100G
Red Capsicum Each,$0.98,$0.98 / 1EA
Fresh Tomato Each,$0.43,$0.43 / 1EA
Woolworths Onion Brown Bag 1kg,$3.20,$3.20 / 1KG
Green Zucchini Each,$0.90,$0.90 / 1EA
Pumpkin Kent Cut Each,$2.03,$2.03 / 1EA
Capsicum Green Each,$0.98,$0.98 / 1EA
Woolworths Diced Italian Tomatoes 400g,$1.10,$2.75 / 1KG
Woolworths 8 Beef Sausages 600g,$7.00,$11.67 / 1KG
Woolworths Pastry Shortcrust 1kg,$2.95,$0.30 / 100G
Pitango Free Range Chicken & Vegetable Soup 600g,$3.50,$0.58 / 100G
Woolworths Spinach & Ricotta Tortellini Napolitana Sauce Chilled Meal 350g,$7.50,$2.14 / 100G
Rana Pumpkin & Onion Ravioli Pasta 325g,$8.00,$2.46 / 100G
Woolworths Brushed Potatoes Bag 2kg,$6.00,$3.00 / 1KG
Annalisa Chickpeas 400g,$1.40,$0.35 / 100G
T2 English Breakfast Black Tea Bags 25 Pack,$13.00,$0.52 / 1EA
Herbert Adams Pies King Island Beef 2 Pack,$9.00,$2.14 / 100G
Riviana Basmati Rice Pakistan Long Grain 5kg,$30.00,$0.60 / 100G
Woolworths Frozen Blueberries 1kg,$11.00,$11.00 / 1KG
Vicks Nasal Decongestant Inhaler Twin Pack 2 X 0.5ml,$14.90,$7.45 / 1EA
Woolworths 3 Colour Traffic Light Capsicums 3 Pack,$6.90,$2.30 / 1EA
Hedy's Fresh Quiche Spinach & Feta Chilled Meal 1.1kg,$12.50,$1.14 / 100G
Uncle Tobys Oats Quick Sachets Berry Variety Porridge 350g,$6.30,$1.80 / 100G
Herbert Adams Pies Chunky Slow Cooked Beef 2 Pack,$9.00,$2.25 / 100G
Cadbury Drinking Chocolate 450g,$6.00,$1.33 / 100G
Woolworths Chicken Satay & Rice 375g,$3.80,$1.01 / 100G
The Sauce By Manu Peppercorn 150g,$4.75,$3.17 / 100G
Latina Fresh Beef Ravioli Pasta 375g,$8.00,$2.13 / 100G
Continental Chicken Superbe Stock Stock Powder 130g,$3.50,$0.27 / 10G
Leggo's Tomato Paste Triple Concentrate Tub 2x140g,$3.50,$1.25 / 100G
Faber-castell Connector Markers 20 Pack,$8.80,
Pitango Organic Pumpkin & Ginger Soup 600g,$3.50,$0.58 / 100G
Latina Fresh Kids Mini Ravioli Pasta Beef & Vegetable 200g,$5.10,$2.55 / 100G
Red Capsicum Each,$0.98,$0.98 / 1EA
Fresh Tomato Each,$0.43,$0.43 / 1EA
Woolworths Onion Brown Bag 1kg,$3.20,$3.20 / 1KG
Green Zucchini Each,$0.90,$0.90 / 1EA
Pumpkin Kent Cut Each,$2.03,$2.03 / 1EA
Capsicum Green Each,$0.98,$0.98 / 1EA
Woolworths Diced Italian Tomatoes 400g,$1.10,$2.75 / 1KG
Woolworths 8 Beef Sausages 600g,$7.00,$11.67 / 1KG
Herbert Adams Pies Slow Cooked Beef & Peppercorn 2 Pack,$9.00,$2.25 / 100G
Uncle Tobys Oats Quick Sachets Original Porridge 340g,$6.30,$1.85 / 100G
Woolworths Cook Chicken Kebab Honey Soy 750g,$11.50,$15.33 / 1KG
Voost Effervescent Vitamin C Tablets 20 Pack,$11.00,$55.00 / 100EA
Sudafed Pe Nasal Decongestant 20 Pack,$14.00,$0.70 / 1EA
Macro Organic Rolled Oats 500g,$2.75,$0.55 / 100G
Hedy's Fresh Quiche Lorraine Chilled Meal 1.1kg,$12.50,$1.14 / 100G
Massel Ultracubes Beef 105g,$3.40,$0.32 / 10G
Dolmio 7 Vegetable Bolognese Pasta Sauce 500g,$3.50,$0.70 / 100G
Home Chef Quiche Lorraine Chilled Meal 200g,$5.00,$2.50 / 100G
Edgell Australian Sliced Beetroot 425g,$2.80,$6.59 / 1KG
Massel Reduced Salt Chicken Stock Powder 140g,$3.75,$0.27 / 10G
Dari's Classic Pumpkin Soup 550g,$6.85,$1.25 / 100G
Baily & Baily Silhouette Rose 1l,$8.00,
Barilla Pasta Penne Rigate 500g,$3.50,$0.70 / 100G
Nestle Milo Choc-malt 200g,$5.00,$2.50 / 100G
Uncle Tobys Oats Quick Sachets Brown Sugar & Cinnamon Porridge 350g,$6.30,$1.80 / 100G
Uncle Tobys Oats Quick Cup Creamy Honey Porridge 50g,$2.50,$5.00 / 100G
Mckenzie's Baking Powder 125g,$2.85,$2.28 / 100G
Woolworths Vanilla Extract 200ml,$10.00,$5.00 / 100ML
"Sharpie Permanent Marker Pens Fine Point, Black 8 Pack",$15.00,
Sunrice Hinata Short Grain Rice 5kg,$30.00,$0.60 / 100G
Woolworths Chicken Breast Fillet Skinless Small 500g - 650g,$9.10,$14.00 / 1KG
Queen Celebrating 120 Years Pure Vanilla Extract 100ml,$15.00,$15.00 / 100ML
Red Capsicum Each,$0.98,$0.98 / 1EA
Fresh Tomato Each,$0.43,$0.43 / 1EA
Woolworths Onion Brown Bag 1kg,$3.20,$3.20 / 1KG
Green Zucchini Each,$0.90,$0.90 / 1EA
Pumpkin Kent Cut Each,$2.03,$2.03 / 1EA
Capsicum Green Each,$0.98,$0.98 / 1EA
Woolworths Diced Italian Tomatoes 400g,$1.10,$2.75 / 1KG
Woolworths 8 Beef Sausages 600g,$7.00,$11.67 / 1KG
Home Chef Spinach & Feta Quiche Chilled Meal 200g,$5.00,$2.50 / 100G
Uncle Tobys Oats Quick Sachets Family Pack Creamy Honey Porridge 700g,$9.50,$1.36 / 100G
San Remo Gluten Free Spirals 350g,$4.50,$1.29 / 100G
Uncle Tobys Oats Traditional Rolled Oats Porridge 500g,$4.00,$0.80 / 100G
Uhu Super Glue Control 3g,$3.00,
Woolworths Rspca Approved Diced Breast 1kg,$15.50,$15.50 / 1KG
Woolworths Australian Rolled Oats 1.5kg,$2.60,$0.17 / 100G
Dolmio Lasagne Bechamel Sauce 490g,$3.50,$0.71 / 100G
Vittoria Espresso Coffee Beans 1kg,$37.00,$3.70 / 100G
Uno Playing Cards Each,$11.00,
Dari's Chunky Minestrone Soup 550g,$6.85,$1.25 / 100G
Pepperjack Shiraz Barossa 750ml,$20.00,
Australia's Own Barista Almond 1l,$4.00,$4.00 / 1L
Alishaan Super Basmati Rice 5kg,$30.00,$0.60 / 100G
Royal Feast Jasmine Rice 10kg,$38.00,$0.38 / 100G
Cat Amongst The Pigeons Shiraz 750ml,$21.00,
Rana Basil & Pine Nuts Tortellini Pasta 325g,$8.00,$2.46 / 100G
Voost Effervescent Immunity Blackcurrent 20 Pack,$11.00,$0.55 / 1EA
White Wings Plain Flour 1kg,$3.40,$3.40 / 1KG
Sacla Classic Classic Basil Classic Green 190g,$5.90,$3.11 / 100G
Voost Effervescent Vitamin C 40 Pack,$20.00,$50.00 / 100EA
Macro Grass Fed Beef Burger 500g,$9.00,$18.00 / 1KG
Latina Fresh Lasagne Sheets Sheets 375g,$6.00,$1.60 / 100G
Barilla Pesto Genovese Pasta Sauce 190g,$5.00,$2.63 / 100G
Red Capsicum Each,$0.98,$0.98 / 1EA
Fresh Tomato Each,$0.43,$0.43 / 1EA
Woolworths Onion Brown Bag 1kg,$3.20,$3.20 / 1KG
Green Zucchini Each,$0.90,$0.90 / 1EA
Pumpkin Kent Cut Each,$2.03,$2.03 / 1EA
Capsicum Green Each,$0.98,$0.98 / 1EA
Woolworths Diced Italian Tomatoes 400g,$1.10,$2.75 / 1KG
Woolworths 8 Beef Sausages 600g,$7.00,$11.67 / 1KG
Woolworths Stuffed Boneless Chicken Kyiv 700g,$9.00,$12.86 / 1KG
Flowflex Sars Antigen Rapid Test 5 Pack,$20.00,$4.00 / 1EA
Barilla Basilico Pasta Sauce 400g,$4.60,$1.15 / 100G
Bulla Creamy Classics Ice Cream Vanilla 2l,$6.80,$0.34 / 100ML
Inspire Premium Bath Towel  Cream Each,$19.00,
Edgell Corn Kernels No Added Salt 420g,$2.20,$5.24 / 1KG
Woolworths Wholemeal Plain Flour 1kg,$2.00,$2.00 / 1KG
Cadbury Baking Dark Chocolate Chips 200g,$3.50,$1.75 / 100G
Four'n Twenty Angus Aussie Beef Pies 4 Pack,$8.80,$1.26 / 100G
Maggie Beer Natural Beef Stock 500ml,$5.00,$1.00 / 100ML
Essentials Tealights Candles 100 Pack,$10.00,$10.00 / 100EA
Leggos Pesto Traditional Basil 190g,$4.30,$2.26 / 100G
Maggie Beer Natural Free Range Chicken Bone Broth 500ml,$8.20,$1.64 / 100ML
Latina Fresh Kids Mini Ravioli Pasta Cheese & Vegetable 200g,$5.10,$2.55 / 100G
Mutti Passata With Basil 700g,$4.80,$0.69 / 100G
"Sharpie Permanent Marker Pens Fine Point, Assorted Colours 12 Pack",$11.00,
Campbell's Bone Broth Free Range Chicken 500ml,$5.60,$1.12 / 100ML
Edgell Red Kidney Beans Fibre Rich 400g,$2.20,$0.55 / 100G
Adesso 2 Slice Toaster Each,$14.00,$14.00 / 1EA
The Sauce By Manu Mushroom 150g,$4.75,$3.17 / 100G
Mckenzie's Red Lentils 1kg,$4.80,$0.48 / 100G
Uncle Tobys Oats Quick Sachets Apple & Cinnamon Porridge 350g,$6.30,$1.80 / 100G
Gerard Bertrand Côtes Des Roses Rosé 750ml,$23.00,
Peters Original Vanilla 4l,$10.90,$0.27 / 100ML
Red Capsicum Each,$0.98,$0.98 / 1EA
Fresh Tomato Each,$0.43,$0.43 / 1EA
Woolworths Onion Brown Bag 1kg,$3.20,$3.20 / 1KG
Green Zucchini Each,$0.90,$0.90 / 1EA
Pumpkin Kent Cut Each,$2.03,$2.03 / 1EA
Capsicum Green Each,$0.98,$0.98 / 1EA
Woolworths Diced Italian Tomatoes 400g,$1.10,$2.75 / 1KG
Woolworths 8 Beef Sausages 600g,$7.00,$11.67 / 1KG
White Wings Self Raising Flour 1kg,$3.40,$3.40 / 1KG
Inspire Premiun Hand Towel Charcoal Each,$12.00,
Cadbury Baking Bournville Cocoa Powder 250g,$4.90,$1.96 / 100G
Woolworths Chicken Tenders 400g,$8.00,$20.00 / 1KG
Strength Meals Co High Protein Hearty Beef Soup 400g,$4.70,$1.18 / 100G
Mrs Macs Potato Top Beef Pies 4 Pack,$7.50,$0.99 / 100G
Steggles Crumbed Chicken Breast Fingers 360g,$5.00,$13.89 / 1KG
Barilla Pasta Fusilli 500g,$3.50,$0.70 / 100G
Woolworths Roasted Vegetable Quiche Chilled Meal 700g,$14.00,$2.00 / 100G
White Wings Plain Flour 2kg,$5.00,$2.50 / 1KG
Woolworths Pork Loin Roast Boneless Small 1.2kg - 2kg,$28.00,$14.00 / 1KG
Woolworths Beef Lasagne 2kg,$13.30,$6.65 / 1KG
Ruffie Rustic Foods Smoky Bacon Leek & Cheddar Quiche 2 Pack,$10.00,$2.50 / 100G
Uncle Tobys Oats Quick Sachets Classic Variety Porridge 350g,$6.30,$1.80 / 100G
Uncle Tobys Oats Quick Sachets Creamy Vanilla Porridge 350g,$6.30,$1.80 / 100G
Panadol Rapid For Pain Relief Paracetamol 500 Mg 20 Pack,$6.00,$0.30 / 1EA
Leggos Tomato Paste 500g,$4.80,$0.96 / 100G
Wiltshire Rose Gold Cookie Sheet Each,$11.00,
Woolworths Spaghetti Bolognese Chilled Meal 350g,$7.50,$2.14 / 100G
Connoisseur Ice Cream Classic Vanilla 1l Tub,$9.00,$0.90 / 100ML
White Wings Cornflour 300g,$3.40,$11.33 / 1KG
Mckenzie's Bi Carb Soda 500g,$2.70,$0.54 / 100G
Red Capsicum Each,$0.98,$0.98 / 1EA
Fresh Tomato Each,$0.43,$0.43 / 1EA
Woolworths Onion Brown Bag 1kg,$3.20,$3.20 / 1KG
Green Zucchini Each,$0.90,$0.90 / 1EA
Pumpkin Kent Cut Each,$2.03,$2.03 / 1EA
Capsicum Green Each,$0.98,$0.98 / 1EA
Woolworths Diced Italian Tomatoes 400g,$1.10,$2.75 / 1KG
Woolworths 8 Beef Sausages 600g,$7.00,$11.67 / 1KG
La Molisana Pastificio Extra Di Lusso Potato Gnocchi 500g,$3.61,$0.72 / 100G
White Wings Self Raising Flour 2kg,$5.00,$2.50 / 1KG
Blackmores Vitamin C 500mg Immune Support Tablets 120 Pack,$15.00,$12.50 / 100EA
Woolworths Spaghetti Bolognese Bolognese Chilled Meal 1.1kg,$13.00,$1.18 / 100G
San Remo Pulse Pasta Red Lentils 250g,$4.50,$1.80 / 100G
San Remo Lasagne Pasta Instant Large Fam Pack 375g,$3.90,$1.04 / 100G
Tempus Two Varietal Shiraz 750ml,$13.00,
Bulla Ice Cream Vanilla 4l Tub,$10.00,$0.25 / 100ML
Latina Fresh Ricotta & Spinach Agnolotti Pasta 625g,$8.50,$1.36 / 100G
Swisse Ultiboost Vitamin C Chewable Tablets 110 Pack,$6.75,$6.14 / 100EA
Bic Kids Visacolor Xl Felt Pens 12 Pack,$8.00,
Latina Fresh Creamy Sun-dried Tomato Pasta Sauce 425g,$7.50,$1.76 / 100G
Chiko Original Rolls 4 Pack,$6.70,$1.03 / 100G
Woolworths Butter Chicken & Rice 375g,$3.80,$1.01 / 100G
Mckenzie's Lentils Red 375g,$2.30,$0.61 / 100G
"Sharpie Permanent Marker Pens Ultra Fine, Black 2 Pack",$5.60,
Herbert Adams Pies Chunky Slow Cooked Beef & Mush 2 Pack,$9.00,$2.25 / 100G
Cenovis Mega Vitamin C 1000mg Chewable Tablets For Immune Support 60 Pack,$11.10,$18.50 / 100EA
Uncle Tobys Oats Quick Sachets Big Bowl Original Porridge 368g,$6.50,$1.77 / 100G
Uncle Tobys Oats Quick Sachets Family Pack Original Porridge 680g,$9.50,$1.40 / 100G
Nestle Bakers' Choice Milk Choc Bits Value Pack 375g,$6.00,$1.60 / 100G
Strength Meals Co Chicken Stroganoff Chilled Meal 350g,$8.50,$2.43 / 100G
Red Capsicum Each,$0.98,$0.98 / 1EA
Fresh Tomato Each,$0.43,$0.43 / 1EA
Woolworths Onion Brown Bag 1kg,$3.20,$3.20 / 1KG
Green Zucchini Each,$0.90,$0.90 / 1EA
Pumpkin Kent Cut Each,$2.03,$2.03 / 1EA
Capsicum Green Each,$0.98,$0.98 / 1EA
Woolworths Diced Italian Tomatoes 400g,$1.10,$2.75 / 1KG
Woolworths 8 Beef Sausages 600g,$7.00,$11.67 / 1KG
Swisse Ultiboost Daily Immune Support Tablets 60 Pack,$21.00,$35.00 / 100EA
Four'n Twenty Angus Beef & Pepper Pies 4 Pack,$8.80,$1.26 / 100G
Steggles Pastry Chicken Enchilada Mexican Chilled Meal 500g,$7.50,$15.00 / 1KG
Woolworths Australian Quick Oats 1.5kg,$2.60,$0.17 / 100G
Nescafe Blend 43 Instant Coffee 500g,$26.00,$5.20 / 100G
The Healthy Baker Self Raising Flour Easy Store 1kg,$3.25,$3.25 / 1KG
Yellow Tail Merlot 750ml,$8.00,
Mint Non-stick Coating Baking Tray 37.5cm Each,$6.00,
South Island Marlborough Sauvignon Blanc 750ml,$17.00,
Barilla Pasta Gluten Free Penne Rigate 340g,$3.75,$1.10 / 100G
Krondorf Shiraz Barossa 750ml,$20.00,
Chan's Yum Cha Vegan Fried Gyoza 300g,$5.50,$1.83 / 100G
Kambrook 2 Slice Toaster Each,$59.00,
Woolworths Classic Potato Mash 475g,$6.00,$1.26 / 100G
Woolworths Fettuccine Carbonara Chilled Meal 350g,$7.50,$2.14 / 100G
Woolworths Beef Tortellini With Creamy Mushroom Sauce Chilled Meal 350g,$7.50,$2.14 / 100G
Wiltshire Rose Gold Slice Brownie Pan Each,$11.00,
Rana Porcini Mushroom Ravioli Pasta 325g,$8.00,$2.46 / 100G
Woolworths Cook Boneless Butterflied Chicken Greek Style 950g - 1.25kg,$13.75,$11.00 / 1KG
Rana Creamy Pumpkin & Cheese Tortellini 565g,$9.00,$1.59 / 100G
Cadbury Baking Milk Chocolate Melts 225g,$3.50,$1.56 / 100G
Green's Brownie Mix Chocolate 380g,$2.50,$0.66 / 100G
Essentials Ibuprofen 200mg Tablets 24 Pack,$1.55,$0.06 / 1EA
Green's Cake Mix Traditional Vanilla 470g,$2.50,$0.53 / 100G
Red Capsicum Each,$0.98,$0.98 / 1EA
Fresh Tomato Each,$0.43,$0.43 / 1EA
Woolworths Onion Brown Bag 1kg,$3.20,$3.20 / 1KG
Green Zucchini Each,$0.90,$0.90 / 1EA
Pumpkin Kent Cut Each,$2.03,$2.03 / 1EA
Capsicum Green Each,$0.98,$0.98 / 1EA
Woolworths Diced Italian Tomatoes 400g,$1.10,$2.75 / 1KG
Woolworths 8 Beef Sausages 600g,$7.00,$11.67 / 1KG
V2 Plant Based Spaghetti Bolognese 350g,$7.50,$2.14 / 100G
Strength Meals Co Pulled Beef Lasagne 350g,$7.00,$2.00 / 100G
Fantastic Fresh Noodles Hokkien 450g,$2.10,$0.47 / 100G
Lyher Rapid Antigen Test Kit 5 Pack,$20.00,$20.00 / 1EA
Macro Chicken Mince Free Range 500g,$10.50,$21.00 / 1KG
Strength Meals Co Lemon Herb Chicken Chilled Meal 350g,$8.50,$2.43 / 100G
Uhu Super Glue Minis 1ml 3 Pack,$7.60,
Lakanto Monkfruit Classic Sweetener Replaces White Sugar 500g,$16.00,$3.20 / 100G
Grand Italian Tuscans Finest Slow Cooked Angus Beef Ravioli 325g,$6.00,$1.85 / 100G
Borg's Shortcrust Pastry Value 1.7kg,$7.30,$0.43 / 100G
Uncle Tobys Oats Quick Oats Porridge Porridge 500g,$4.00,$0.80 / 100G
Woolworths Beef Lasagne 375g,$3.80,$1.01 / 100G
Macro Free Range Chicken Stir Fry 500g,$12.00,$24.00 / 1KG
Woolworths Roasted Garlic Mash 475g,$6.00,$1.26 / 100G
Macro Chicken Drumsticks Free Range 900g - 1.1kg,$7.15,$6.50 / 1KG
Betty Crocker Vanilla Gluten Free Frosting 400g,$6.50,$1.63 / 100G
V2 Plant Based Lasagne 350g,$7.50,$2.14 / 100G
Cadbury Baking White Chocolate Chips 200g,$3.50,$1.75 / 100G
Wiltshire Rose Gold Square Pan Each,$11.00,
Campbell's Bone Broth Beef Beef 500ml,$5.60,$1.12 / 100ML
Panadol Optizorb For Pain Relief Paracetamol 500mg Caplet 20 Pack,$4.00,$0.20 / 1EA
The Healthy Baker Plain Flour Easy Store 1kg,$3.25,$3.25 / 1KG
Latina Fresh Roast Chicken & Garlic Ravioli Pasta 625g,$8.50,$1.36 / 100G
Nurofen Zavance Fast Pain Relief Caplets 256mg Ibuprofen 24 Pack,$7.50,$0.31 / 1EA
Red Capsicum Each,$0.98,$0.98 / 1EA
Fresh Tomato Each,$0.43,$0.43 / 1EA
Woolworths Onion Brown Bag 1kg,$3.20,$3.20 / 1KG
Green Zucchini Each,$0.90,$0.90 / 1EA
Pumpkin Kent Cut Each,$2.03,$2.03 / 1EA
Capsicum Green Each,$0.98,$0.98 / 1EA
Woolworths Diced Italian Tomatoes 400g,$1.10,$2.75 / 1KG
Woolworths 8 Beef Sausages 600g,$7.00,$11.67 / 1KG
Bic Kids Couleur Felt Pens 18 Pack,$4.25,$4.25 / 1EA
Nature's Own Zinc + Vitamin C Chewable Tablets For Immune Support 60 Pack,$17.50,$29.17 / 100EA
Mccain Pub Size Chicken Kiev Frozen Meal 480g,$9.50,$1.98 / 100G
"Expo Whiteboard Marker Pens Fine Point, Fashion Colours 8 Pack",$18.00,$2.25 / 1EA
Cleaver's Organic Beef Hot Dogs 275g,$10.50,$38.18 / 1KG
Mckenzie's Baking Powder 300g,$4.44,$1.48 / 100G
Leggos Fresh Ricotta & Spinach Agnolotti 630g,$7.00,$1.11 / 100G
Strength Soup Hearty Chicken 400g,$4.70,$1.18 / 100G
Moccona Freeze Dried Instant Coffee Classic Dark Roast 400g,$19.50,$4.88 / 100G
Dollar Sweets Assorted Large Patty Pans 100 Pack,$3.00,$0.03 / 1EA
Equal Sweetener Tablets 600 Tablets,$13.00,$2.17 / 100EA
Mint Non-stick Coating Saucepan 20cm Each,$20.00,
Annabel Karmel Bolognese Pasta Bake Frozen Meal 200g,$3.90,$1.95 / 100G
Sara Lee Strawberry Cheesecake 410g,$8.50,$2.07 / 100G
Blackmores Bio C 1000mg Echinacea + Zinc Vitamin C Effervescent Tablets 10 Pack,$9.00,$0.90 / 1EA
Mccain Pub Size Chicken Bacon Bake Frozen Meal 480g,$9.50,$1.98 / 100G
"Sharpie Metal Permanent Marker Pens Bullet Tip, Black 2 Pack",$6.50,
Nature's Way Vitamin C & Zinc & Echinacea Immune Support 100 Pack,$20.00,$20.00 / 100EA
Wiltshire Rose Gold Round Pan Each,$11.00,
Propert 5kg Round Glass Top Digital Scale Each,$20.00,
Woolworths Ricotta & Spinach Cannelloni Chilled Meal 700g,$14.20,$2.03 / 100G
Cadbury Baking Dark Chocolate Melts 225g,$3.50,$1.56 / 100G
25 Degrees South Baby Spinach And Fetta Ravioli Pasta 325g,$9.00,$2.77 / 100G
Nature's Way Vitamin C Orange 500mg Immune Support 300 Pack,$16.80,$5.60 / 100EA
Red Capsicum Each,$0.98,$0.98 / 1EA
Fresh Tomato Each,$0.43,$0.43 / 1EA
Woolworths Onion Brown Bag 1kg,$3.20,$3.20 / 1KG
Green Zucchini Each,$0.90,$0.90 / 1EA
Pumpkin Kent Cut Each,$2.03,$2.03 / 1EA
Capsicum Green Each,$0.98,$0.98 / 1EA
Woolworths Diced Italian Tomatoes 400g,$1.10,$2.75 / 1KG
Woolworths 8 Beef Sausages 600g,$7.00,$11.67 / 1KG
Strength Meals Co Braised Beef Ragu Chilled Meal 350g,$8.50,$2.43 / 100G
Baily & Baily Silhouette Chardonnay 1l,$8.00,
Macro Organic Quick Oats 500g,$2.75,$0.55 / 100G
Vicks Cough Syrup Dry & Chesty 200ml,$14.00,$7.00 / 100ML
Betadine Sore Throat Gargle Ready To Use 120ml,$15.40,$12.83 / 100ML
Cenovis Sugarless Vitamin C Chewable 500mg Tablets Immune Support 300 Pack,$17.00,$5.67 / 100EA
Chapel Hill Shiraz 750ml,$15.00,
Cadbury Baking Milk Chocolate Chips Value Pack 410g,$6.00,$1.46 / 100G
Mint Wok 30cm Each,$22.00,
Nanna's Multipack Pies & Desserts Apple Pie 4 Pack,$4.00,$0.89 / 100G
Uncle Tobys Oats Quick Sachets Hi-fibre Porridge 320g,$6.30,$1.97 / 100G
Chapel Hill Rose Mclaren Vale 750ml,$15.00,
Woolworths Cook Slow Cooked Beef Brisket 700g,$15.50,$22.14 / 1KG
Zenzone Candle Vanilla 130g,$3.00,$3.00 / 1EA
Woolworths Crumbed Chicken Burgers 440g,$6.50,$14.77 / 1KG
Inspire Premiun Hand Towel  Cream Each,$12.00,
Crayola Doodle Scents Scented Markers 12 Pack,$7.60,
Nurofen Zavance Fast Pain Relief Tablets 256mg Ibuprofen 24 Pack,$7.50,$0.31 / 1EA
Nature's Way Vitagummies For Adults Vitamin C 120 Pack,$23.00,$19.17 / 100EA
Quorn Meat-free Chicken Fillet Burgers 190g,$7.00,$3.68 / 100G
Woolworths Slow Cooked Pork Shoulder With Bbq Sauce 560g,$10.00,$17.86 / 1KG
Ruffie Rustic Foods Zucchini Frittata 2 Pack,$10.00,$2.50 / 100G
Red Capsicum Each,$0.98,$0.98 / 1EA
Fresh Tomato Each,$0.43,$0.43 / 1EA
Woolworths Onion Brown Bag 1kg,$3.20,$3.20 / 1KG
Green Zucchini Each,$0.90,$0.90 / 1EA
Pumpkin Kent Cut Each,$2.03,$2.03 / 1EA
Capsicum Green Each,$0.98,$0.98 / 1EA
Woolworths Diced Italian Tomatoes 400g,$1.10,$2.75 / 1KG
Woolworths 8 Beef Sausages 600g,$7.00,$11.67 / 1KG
Mccain Tuna Mornay Frozen Meal 400g,$4.50,$1.13 / 100G
Panadol Optizorb For Pain Relief Paracetamol 500mg Tablet 20 Pack,$4.00,$0.20 / 1EA
Uhu Glu Stick Clear 40g Each,$4.35,
Cenovis Sugarless Vitamin C Chewable 500mg Tablets Immune Support 160 Pack,$13.35,$8.34 / 100EA
Marlborough Sounds Sauvignon Blanc 750ml,$19.00,
Cadbury Baking Milk Chocolate Block 180g,$3.50,$1.94 / 100G
Ingham's Coating Mix Seasoning Chicken 75g,$1.05,$1.40 / 100G
Annabel Karmel Butter Chicken & Rice Frozen Meal 200g,$3.90,$1.95 / 100G
Nurofen Pain And Inflammation Relief Tablets 200mg Ibuprofen 24 Pack,$6.00,$0.25 / 1EA
Bostik Glue Stick 35g 2 Pack,$6.75,
Koa Chardonnay Pinot Noir & Prosecco 750ml,$7.00,
Staedtler Rasoplast Erasers 2 Pack,$2.75,
Riddoch Shiraz 750ml,$20.00,
Wiltshire Rose Gold 12 Cup Muffin Each,$20.00,
Annabel Karmel Veggie Pasta Bake Frozen Meal 200g,$3.90,$1.95 / 100G
Wiltshire Rose Gold Loaf Pan Each,$11.00,
Zenzone Wild Berry Candle 130g,$3.00,$3.00 / 1EA
White Wings Gluten Free Plain Flour 500g,$5.00,$10.00 / 1KG
The Sauce By Manu Diane Sauce 150g,$4.75,$3.17 / 100G
Wiltshire Rose Gold Tart Quiche Pan Each,$14.00,
Latina Fresh Spinach & Ricotta Agnolotti 375g,$8.00,$2.13 / 100G
Mccain Pub Size Southern Style 480g,$9.50,$1.98 / 100G
Rana Egg Lasagne Pasta 250g,$4.00,$1.60 / 100G
Red Capsicum Each,$0.98,$0.98 / 1EA
Fresh Tomato Each,$0.43,$0.43 / 1EA
Woolworths Onion Brown Bag 1kg,$3.20,$3.20 / 1KG
Green Zucchini Each,$0.90,$0.90 / 1EA
Pumpkin Kent Cut Each,$2.03,$2.03 / 1EA
Capsicum Green Each,$0.98,$0.98 / 1EA
Woolworths Diced Italian Tomatoes 400g,$1.10,$2.75 / 1KG
Woolworths 8 Beef Sausages 600g,$7.00,$11.67 / 1KG
V2 Plant Based Penne Bake 350g,$7.50,$2.14 / 100G
Woolworths Butter Chicken With Rice Chilled Meal 350g,$7.50,$2.14 / 100G
Dari's Creamy Pumpkin Soup 550g,$6.85,$1.25 / 100G
Panadol Extra With Optizorb Paracetamol Pain Relief 20 Pack,$7.50,$0.38 / 1EA
Mccain Pub Size Parma 480g,$9.50,$1.98 / 100G
On The Menu Lasagne Beef 260g,$4.50,$1.73 / 100G
Swisse Ultiboost High Strength C Tablets 150 Pack,$21.00,$14.00 / 100EA
Woolworths Boneless Chicken Kyiv With Creamy Cheese & Ham Filling 700g,$9.00,$12.86 / 1KG
Woolworths Sweet Corn Fritters 200g,$6.50,$3.25 / 100G
Antoniou Fillo Pastry 375g,$4.50,$1.20 / 100G
Latina Fresh Gluten Free Ricotta & Spinach Ravioli Pasta 280g,$8.75,$3.13 / 100G
Woolworths Pumpkin & Feta Risotto With Pepitas 350g,$11.00,$3.14 / 100G
Annabel Karmel Spaghetti & Meatballs 200g,$3.90,$1.95 / 100G
Macro Organic Lean Beef Mince 500g,$12.50,$25.00 / 1KG
Annabel Karmel Cottage Pie 200g,$3.90,$1.95 / 100G
Queen Rainbow Food Colours 4 Pack,$3.75,$13.39 / 100ML
Strength Meals Co Bbq Chicken & Rice With Roasted Vegetables 350g,$8.50,$2.43 / 100G
Macro Organic Oats Rolled Unstabilised 500g,$3.50,$0.70 / 100G
Cadbury Baking Dark 70% Cocoa Chocolate Block 180g,$3.50,$1.94 / 100G
Strength Meals Co High Protein Slow Cooked Bbq Beef With Rice And Vegetables 350g,$8.50,$2.43 / 100G
Annabel Karmel Mac & Cheese Pasta Frozen Meal 200g,$3.90,$1.95 / 100G
Penfolds Max's Shiraz 750ml,$25.00,
Cenovis Echinacea Garlic Zinc & Vitamin C For Immune Support 125 Pack,$29.20,$23.36 / 100EA
Vicks Insight Thermometer Each,$26.50,$26.50 / 1EA
Red Capsicum Each,$0.98,$0.98 / 1EA
Fresh Tomato Each,$0.43,$0.43 / 1EA
Woolworths Onion Brown Bag 1kg,$3.20,$3.20 / 1KG
Green Zucchini Each,$0.90,$0.90 / 1EA
Pumpkin Kent Cut Each,$2.03,$2.03 / 1EA
Capsicum Green Each,$0.98,$0.98 / 1EA
Woolworths Diced Italian Tomatoes 400g,$1.10,$2.75 / 1KG
Woolworths 8 Beef Sausages 600g,$7.00,$11.67 / 1KG
Tontine Sweet Dreams High Firm Pillow 2 Pack,$15.00,
Sara Lee French Cream Cheesecake 360g,$8.50,$2.36 / 100G
Cenovis Echinacea Garlic Zinc & Vitamin C For Immune Support 60 Pack,$17.00,$28.33 / 100EA
Mr Chen's Pork & Chive Dumplings 300g,$8.50,$2.83 / 100G
On The Menu Beef Ragu Pappardelle Frozen Meal 260g,$4.50,$1.73 / 100G
Uhu Glu Stick Stic 21gm 21g Each,$5.80,
Strength Meals Co High Protein Cajun Chicken 350g,$8.50,$2.43 / 100G
Mccain Fettuccine Carbonara Frozen Meal 375g,$4.50,$1.20 / 100G
Woolworths Rosemary Lamb Shanks Chilled Meal 800g,$18.00,$2.25 / 100G
Pukka Night Time Tea Bags 20 Pack,$8.25,$0.41 / 1EA
Leggos Fresh Pasta Sauce Bolognese 450g,$5.00,$1.11 / 100G
Woolworths Chicken Bulk Burgers 1.5kg,$16.00,$10.67 / 1KG
Lipton Peach Iced Tea Sachets 20 Pack,$6.50,$0.33 / 1EA
Latina Fresh Gluten Free Beef Ravioli Pasta 280g,$8.75,$3.13 / 100G
Lighthouse Bread And Pizza Plain Flour 1kg,$3.85,$3.85 / 1KG
Sara Lee Butter Chocolate Cake 350g,$6.80,$1.94 / 100G
Woolworths Chicken Kyiv Bites With Creamy Garlic Filling 400g,$8.50,$21.25 / 1KG
Red Knot Red Knot Shiraz 750ml,$17.00,
Woolworths Family Classics Cottage Pie 1.1kg,$13.00,$1.18 / 100G
Strength Meals Co High Protein Beef Fajitas With Brown Rice 350g,$8.50,$2.43 / 100G
Betty Crocker Triple Chocolate Brownie Mix Brownie Mix 500g,$7.00,$1.40 / 100G
"Carman's Honey, Vanilla & Cinnamon Gourmet Porridge Sachets 320g",$5.00,$1.56 / 100G
Red Capsicum Each,$0.98,$0.98 / 1EA
Fresh Tomato Each,$0.43,$0.43 / 1EA
Woolworths Onion Brown Bag 1kg,$3.20,$3.20 / 1KG
Green Zucchini Each,$0.90,$0.90 / 1EA
Pumpkin Kent Cut Each,$2.03,$2.03 / 1EA
Capsicum Green Each,$0.98,$0.98 / 1EA
Woolworths Diced Italian Tomatoes 400g,$1.10,$2.75 / 1KG
Woolworths 8 Beef Sausages 600g,$7.00,$11.67 / 1KG
On The Menu Cottage Pie Frozen Meal 260g,$4.50,$1.73 / 100G
Woolworths Macaroni & Cheese Chilled Meal 350g,$7.50,$2.14 / 100G
Leggos Fresh Napoli Sauce 450g,$5.00,$1.11 / 100G
Pasta Master Beef Lasagne 1.3kg,$13.50,$10.38 / 1KG
Mint Non-stick Coating Pizza Tray 29cm Each,$4.50,
Mckenzie's Bi Carb Soda 350g,$4.50,$1.29 / 100G
Robitussin Cough Syrups Cold & Chesty Cough 200ml,$12.00,$6.00 / 100ML
Latina Fresh Creamy Carbonara Pasta Sauce Pasta Sauce 425g,$7.50,$1.76 / 100G
Betty Crocker Milk Chocolate Chunk Cookie Mix 485g,$7.00,$1.44 / 100G
Jarrah Classic Hot Chocolate 10 Pack,$7.00,$0.70 / 1EA
Nanna's Rhubarb & Apple Crumble 550g,$4.00,$0.73 / 100G
Lean Cuisine Thai Green Chicken Curry With Rice Frozen Meal 280g,$5.60,$2.00 / 100G
Mccain Healthy Choice Chinese Chicken Cashew Frozen Meal 280g,$5.00,$1.79 / 100G
Carman's Gourmet Porridge Sachets Apple Sultana & Cinnamon 8x320g,$5.00,$1.56 / 100G
Nestle Bakers' Choice White Choc Melts 290g,$5.00,$1.72 / 100G
Nestle Milo 30% Less Added Sugar 395g,$6.50,$1.65 / 100G
Woolworths Quiche Lorraine Chilled Meal 700g,$14.00,$2.00 / 100G
Woolworths Tasmanian Salmon With Rice Chilled Meal 400g,$13.00,$3.25 / 100G
Robitussin Cough Syrups Chesty Cough 200ml,$12.00,$6.00 / 100ML
Latina Fresh Egg Fettuccine Pasta 375g,$6.00,$1.60 / 100G
Republica Organic Instant Coffee 100% Pure Decaffeinated 100g,$11.00,$11.00 / 100G
Wiltshire Rose Gold Heart Pan Each,$11.00,
Amy's Kitchen Gluten Free Rice Mac & Cheese 255g,$7.90,$3.10 / 100G
Super Nature Super Lunch Pad Thai Chicken 350g,$7.50,$2.14 / 100G
Red Capsicum Each,$0.98,$0.98 / 1EA
Fresh Tomato Each,$0.43,$0.43 / 1EA
Woolworths Onion Brown Bag 1kg,$3.20,$3.20 / 1KG
Green Zucchini Each,$0.90,$0.90 / 1EA
Pumpkin Kent Cut Each,$2.03,$2.03 / 1EA
Capsicum Green Each,$0.98,$0.98 / 1EA
Woolworths Diced Italian Tomatoes 400g,$1.10,$2.75 / 1KG
Woolworths 8 Beef Sausages 600g,$7.00,$11.67 / 1KG
Woolworths Slow Cooked Beef Ragu Lasagne 700g,$14.00,$20.00 / 1KG
Mint Measuring Spoon 4 Pack,$6.00,
Keith's Foods Mini Dagwood Dogs 270g,$6.50,$2.41 / 100G
Lean Cuisine Spaghetti Bolognese 280g,$5.60,$2.00 / 100G
Lowan Rolled Wholegrain Oats 1kg,$3.90,$0.39 / 100G
Paperclick Glue Stick 2 Pack,$4.00,
Green's Classic Banana Bread 400g,$2.50,$0.63 / 100G
Tefal Cook Right Non-stick Frypan 28cm Each,$33.60,
Nestle Bakers' Choice Dark Choc Bits 200g,$5.00,$2.50 / 100G
Mccain Healthy Choice Lemon Herb Chicken Frozen Meal 350g,$5.00,$1.43 / 100G
Lean Cuisine Satay Chicken Noodles Frozen Meal 280g,$5.60,$2.00 / 100G
On The Menu Beef Lasagne 1kg,$9.50,$0.95 / 100G
Woolworths Beef Lasagne 350g,$7.50,$2.14 / 100G
Blackmores Bio C 1000mg Vitamin C Immune Support Tablets 62 Pack,$21.00,$33.87 / 100EA
Sara Lee Sticky Date Pudding 475g,$8.50,$1.79 / 100G
Woolworths Singapore Noodles Chilled Meal 350g,$7.50,$2.14 / 100G
Post-it Super Sticky Jewel Pop Pad 3 Pack,$6.00,
Noble Fellows Pinot Rose 750ml,$20.00,
Lean Cuisine Thai Red Chicken Curry With Rice Frozen Meal 375g,$7.00,$1.87 / 100G
Latina Fresh Beef Bolognese Pasta Sauce Pasta Sauce 425g,$7.50,$1.76 / 100G
Woolworths Sweet Potato Mash 475g,$6.00,$1.26 / 100G
Connoisseur Ice Cream Cookies & Cream 1l Tub,$9.00,$0.90 / 100ML
Mccain Honey Stir Fry Chicken Healthy Choice Frozen Meal 330g,$5.00,$1.52 / 100G
Artline Permanent Marker Black 70mm 2 Pack,$4.10,
Red Capsicum Each,$0.98,$0.98 / 1EA
Fresh Tomato Each,$0.43,$0.43 / 1EA
Woolworths Onion Brown Bag 1kg,$3.20,$3.20 / 1KG
Green Zucchini Each,$0.90,$0.90 / 1EA
Pumpkin Kent Cut Each,$2.03,$2.03 / 1EA
Capsicum Green Each,$0.98,$0.98 / 1EA
Woolworths Diced Italian Tomatoes 400g,$1.10,$2.75 / 1KG
Woolworths 8 Beef Sausages 600g,$7.00,$11.67 / 1KG
Woolworths Cottage Pie 350g,$7.50,$2.14 / 100G
Mccain Dinner Roast Lamb Frozen Meal 320g,$7.50,$2.34 / 100G
Lean Cuisine Lamb & Rosemary Hotpot Frozen Meal 280g,$5.60,$2.00 / 100G
Natural State Room Spray Vanilla Caramel 200ml,$5.00,$2.50 / 100ML
Macro Organic Plain Flour 1kg,$4.50,$4.50 / 1KG
Elmer's Liquid School Glue 225ml,$7.00,
Latina Fresh Italian Tomato With Onion & Garlic Pasta Sauce 700g,$7.50,$1.07 / 100G
I Pastai Gnocchi Di Patate 500g,$4.00,$0.80 / 100G
Hong Kong Dim Sim Kitchen Pork Prawn & Mushroom Siu Mai 300g,$8.00,$2.67 / 100G
Woolworths Sweet & Sour Pork Chilled Meal 350g,$7.50,$2.14 / 100G
Sara Lee Chocolate Swirl Bavarian 375g,$8.50,$2.27 / 100G
Woolworths Thai Green Chicken Curry With Rice Chilled Meal 350g,$7.50,$2.14 / 100G
Sara Lee Carrot Cake 400g,$6.80,$1.70 / 100G
Pampas Puff Pastry Reduced Fat 1kg,$5.20,$0.52 / 100G
Tefal Cook Right Xl Non-stick Frypan 26cm Each,$33.60,
Pampas Puff Pastry Sheets 3 Sheets 500g,$6.00,$1.09 / 100G
Tefal Cook Right Non-stick Frypan 32cm Each,$41.60,
Mckenzie's Almond Flour 300g,$8.00,$26.67 / 1KG
Golden Wok Asian Mini Dim Sims 660g,$9.60,$1.45 / 100G
Blackmores Echinacea Ace + Zinc Vitamin C Immune Support Tablets 60 Pack,$22.00,$36.67 / 100EA
Uhu Blue Stic 2 Pack,$6.45,
Boatshed Bay Marlborough Sauvignon Blanc 750ml,$20.00,
Woolworths Creamy Spinach & Ricotta Cannelloni Chilled Meal 350g,$10.00,$2.86 / 100G
Betty Crocker Blueberry Low Fat Muffin Mix Muffin Mix 500g,$7.00,$1.40 / 100G
Red Capsicum Each,$0.98,$0.98 / 1EA
Fresh Tomato Each,$0.43,$0.43 / 1EA
Woolworths Onion Brown Bag 1kg,$3.20,$3.20 / 1KG
Green Zucchini Each,$0.90,$0.90 / 1EA
Pumpkin Kent Cut Each,$2.03,$2.03 / 1EA
Capsicum Green Each,$0.98,$0.98 / 1EA
Woolworths Diced Italian Tomatoes 400g,$1.10,$2.75 / 1KG
Woolworths 8 Beef Sausages 600g,$7.00,$11.67 / 1KG
Nestle Top N Fill Caramel 395g,$5.90,$1.49 / 100G
Woolworths Chicken Tikka Masala With Rice Chilled Meal 350g,$7.50,$2.14 / 100G
Cat Amongst The Pigeons Shiraz Fat Cat 750ml Bottle,$22.00,
Macro Organic Beef Mince Heart Smart 500g,$15.00,$30.00 / 1KG
Mint Soft Grip Ice Cream Scoop Each,$6.50,
Elmer's Liquid School Glue Clear 148ml,$7.80,
Cenovis Mega Vitamin C 1000mg Chewable Tablets For Immune Support 100 Pack,$16.55,$16.55 / 100EA
My Muscle Chef Spaghetti Bolognese 330g,$11.95,$3.62 / 100G
Nanna's Multipack Pies & Desserts Apple & Blackberry Pie 4 Pack,$4.00,$0.89 / 100G
Nestle Bakers' Choice White Choc Bits 200g,$5.00,$2.50 / 100G
Latina Fresh Ready Meal Angus Beef & Veg Lasagne Chilled Meal 1.6kg,$19.95,$1.25 / 100G
Dari's Classic Chicken Noodle Soup 550g,$6.85,$1.25 / 100G
Nestle Bakers' Choice Milk Choc Melts 290g,$5.00,$1.72 / 100G
Inspire Premium Face Washer Cream 2 Pack,$12.00,
My Muscle Chef Crumbed Chicken Roasted Potatoes Chilled Meal 340g,$11.95,$3.51 / 100G
Leggos Fresh Creamy Tomato Sauce 250g,$4.00,$1.60 / 100G
Mistral 2 Slice Stainless Steel Toaster Each,$29.00,$29.00 / 1EA
My Muscle Chef Pesto Chicken Pasta Chilled Meal 330g,$11.95,$3.62 / 100G
Double Merino Pastry Gow Gee 275g,$2.90,$1.05 / 100G
Pitango Free Range Chicken Sweet Corn & Noodle Soup 600g,$3.50,$0.58 / 100G
Art Of Pastry Frozen Fillo Pastry Sheets 375g,$5.00,$1.33 / 100G
My Muscle Chef Chipotle Chick Burrito Bowl Chilled Meal 450g,$11.95,$2.66 / 100G
Chris Ringland Shiraz 750ml,$32.00,
Red Capsicum Each,$0.98,$0.98 / 1EA
Fresh Tomato Each,$0.43,$0.43 / 1EA
Woolworths Onion Brown Bag 1kg,$3.20,$3.20 / 1KG
Green Zucchini Each,$0.90,$0.90 / 1EA
Pumpkin Kent Cut Each,$2.03,$2.03 / 1EA
Capsicum Green Each,$0.98,$0.98 / 1EA
Woolworths Diced Italian Tomatoes 400g,$1.10,$2.75 / 1KG
Woolworths 8 Beef Sausages 600g,$7.00,$11.67 / 1KG
Faber-castell Connectore Pens Neon & Pastel 20 Pack,$8.80,
"Ruffie Rustic Foods Smoky Bacon, Swiss Cheese & Sweet Corn Frittata 2 Pack",$10.00,$2.50 / 100G
Kbs Prawn Gyoza 1kg,$22.70,$2.27 / 100G
Dari's Pea & Ham Soup 550g,$6.85,$1.25 / 100G
Sharpie Fine Mystic Gems Markers 24 Pack,$27.00,
Pyrex Measuring Jug 500ml Each,$7.70,
Latina Fresh Creamy Carbonara Pasta Sauce Creamy Carbonara 700g,$7.50,$1.07 / 100G
Fast Fuel Meals Chicken Laksa 350g,$3.50,$1.00 / 100G
Mccain Beef & Bacon Pasta Bake Frozen Meal 400g,$4.50,$1.13 / 100G
Natural State Room Spray Refill Frangipani & Coconut 200ml,$2.00,$1.00 / 100ML
Decor Cook Refillable Oil Sprayer Each,$13.50,
Yankee Candle Home Inspiration Vanilla Frosting 340g,$20.00,
Woolworths Roasted Garlic Mash Lamb Shepherd's Pie 700g,$14.50,$2.07 / 100G
Leggos Fresh Bolognese Sauce 250g,$4.00,$1.60 / 100G
Nurofen Pain And Inflammation Relief Caplets 200mg Ibuprofen 24 Pack,$6.50,$0.27 / 1EA
Campos Superior Coffee Beans 1kg,$49.50,$4.95 / 100G
"Carman's Protein Rich Porridge Sachets Almond, Vanilla & Cinnamon 6 Pack",$5.00,$2.08 / 100G
Lucky Kitchen Bbq Pork Dumplings 750g,$10.50,$1.40 / 100G
Decor Thermoglass Baking Dish Realseal 1l,$15.50,
Riddoch Cabernet Sauvignon 750ml,$20.00,
Fast Fuel Meals Pumpkin Ginger Soup 350g,$3.50,$1.00 / 100G
Leggos Fresh Napoli Sauce 250g,$4.00,$1.60 / 100G
Lucky Kitchen Classic Chicken Dumplings 750g,$10.50,$1.40 / 100G
Red Capsicum Each,$0.98,$0.98 / 1EA
Fresh Tomato Each,$0.43,$0.43 / 1EA
Woolworths Onion Brown Bag 1kg,$3.20,$3.20 / 1KG
Green Zucchini Each,$0.90,$0.90 / 1EA
Pumpkin Kent Cut Each,$2.03,$2.03 / 1EA
Capsicum Green Each,$0.98,$0.98 / 1EA
Woolworths Diced Italian Tomatoes 400g,$1.10,$2.75 / 1KG
Woolworths 8 Beef Sausages 600g,$7.00,$11.67 / 1KG
Nanna's Apple Crumble 550g,$4.00,$0.73 / 100G
Nestle Bakers' Choice Dark Choc Melts 290g,$5.00,$1.72 / 100G
Pyrex 2.6l Rectangular Storage Each,$15.40,
Sara Lee Family Pies & Desserts Apple Pie 600g,$6.80,$1.13 / 100G
Woolworths Cook Chinese Bbq Style Pork With Char Siu Sauce 560g,$14.00,$25.00 / 1KG
Woolworths Curried Sausages Chilled Meal 800g,$13.00,$1.63 / 100G
Pampas Lemon Meringue Pies 4 Pack,$5.80,$1.45 / 100G
Nanna's Family Pies & Desserts Apple Pie 600g,$4.00,$0.67 / 100G
Guzzi's Golden Pasta Gnocchi Potato 500g,$6.00,$1.20 / 100G
Natural State Room Spray Refill Grapefruit & Yuzu 200ml,$2.00,$1.00 / 100ML
Freixenet Sparkling Brut Cordon Negro 750ml,$16.00,
Penfolds Shiraz Cabernet Koonunga Hill Shiraz Cabernet 750ml,$17.00,
Chapel Hill Chardonnay Unwooded Chardonnay 750ml,$15.00,
Cenovis Vitamin C 250mg Tablets For Immune Support 150 Pack,$11.90,$7.93 / 100EA
Natural State Room Spray Frangipani & Coconut 200ml,$5.00,$2.50 / 100ML
Mccain Spaghetti Bolognese Frozen Meal 400g,$4.50,$1.13 / 100G
Woolworths Belgian Chocolate Lava Cake 2 Pack 180g,$4.20,$2.33 / 100G
Elmers Unicorn Magic Slime Kit Each,$19.00,
Peters Ice Cream Cake Party 1.5l,$14.00,$0.93 / 100ML
Birds Eye Plant Based Chicken Strips 200g,$7.30,$3.65 / 100G
Woolworths Crumbed Haloumi Chips 180g,$6.50,$3.61 / 100G
"Expo Whiteboard Marker Pens Chisel Tip, Vibrant Colours 12 Pack",$26.00,
Fast Fuel Meals Chicken Corn Soup 350g,$3.50,$1.00 / 100G
Red Capsicum Each,$0.98,$0.98 / 1EA
Fresh Tomato Each,$0.43,$0.43 / 1EA
Woolworths Onion Brown Bag 1kg,$3.20,$3.20 / 1KG
Green Zucchini Each,$0.90,$0.90 / 1EA
Pumpkin Kent Cut Each,$2.03,$2.03 / 1EA
Capsicum Green Each,$0.98,$0.98 / 1EA
Woolworths Diced Italian Tomatoes 400g,$1.10,$2.75 / 1KG
Woolworths 8 Beef Sausages 600g,$7.00,$11.67 / 1KG
Green's Cupcake Vanilla Mix 490g,$5.00,$1.02 / 100G
Staedtler Tradition Graphite Pencils Hb 5 Pack,$5.50,
Crayola Silly Scents Mini Twistables Crayons 12 Pack,$7.60,
Mint Rolling Pin Each,$6.00,
Green's Brownie Mix Triple Chocolate Fudge 500g,$5.00,$1.00 / 100G
Dean & Munroe Prosecco 750ml,$19.00,
Woolworths Pea & Fetta Zucchini Fritters 200g,$6.50,$3.25 / 100G
Airwick Reed Diffuser Midnight Blackberry & Vanilla Silk 50ml,$10.50,$2.10 / 10ML
Chapel Hill Pinot Grigio 750ml,$15.00,
Bibigo Mandu Vegetable Dumplings 280g,$8.50,$3.04 / 100G
Woolworths Potato Bacon Bake 650g,$13.30,$2.05 / 100G
Balliamo Pinot Grigio 750ml,$11.00,
Bic Intensity Dual Tip Marker Pens 12 Pack,$7.50,
Crayola Side Walk Chalk 16 Pack,$5.50,
Latina Fresh Beef Lasagne 350g,$7.50,$2.14 / 100G
Jordans Simply Crunchy Oat Granola Honey 750g,$8.50,$1.13 / 100G
Latina Fresh Gluten Free Lasagne Sheets 280g,$8.75,$3.13 / 100G
Nestle Bakers' Choice Milk Choc Bits 200g,$5.00,$2.50 / 100G
Sara Lee Custard Danish 400g,$8.50,$2.13 / 100G
Jordans Bursting With Berries Crunchy Oat Granola 500g,$8.50,$1.70 / 100G
Wirra Wirra Church Block Cabernet Shiraz Merlot 750ml,$25.00,
Campos Superior Aluminium Coffee Capsules 10 Pack,$9.50,$0.95 / 1EA
Red Capsicum Each,$0.98,$0.98 / 1EA
Fresh Tomato Each,$0.43,$0.43 / 1EA
Woolworths Onion Brown Bag 1kg,$3.20,$3.20 / 1KG
Green Zucchini Each,$0.90,$0.90 / 1EA
Pumpkin Kent Cut Each,$2.03,$2.03 / 1EA
Capsicum Green Each,$0.98,$0.98 / 1EA
Woolworths Diced Italian Tomatoes 400g,$1.10,$2.75 / 1KG
Woolworths 8 Beef Sausages 600g,$7.00,$11.67 / 1KG
Mint Soft Grip Can Opener Each,$6.50,
Blackmores Bio C 500mg Chewable Vitamin C Immune Support Tablets 125 Pack,$19.00,$15.20 / 100EA
Hong Kong Dim Sim Kitchen Bbq Pork Buns 300g,$8.00,$2.67 / 100G
TV Shop Handy Heater Pure Warmth Ceramic 1200W,$98.10,
Woolworths Apple Pie Family 600g,$3.60,$0.60 / 100G
Mr Chen's Pork & Chive Dumplings 550g,$13.00,$2.36 / 100G
Elmers Dinosaur Night Slime Kit Each,$19.00,
The Killer Pinot Grigio 750ml,$11.00,
Avalanche 99% Sugar Free Caramelised White Chocolate 10 Pack,$4.40,$0.44 / 1EA
Nature's Own Garlic Vitamin C + Horseradish Triple Strength Tablets 60 Pack,$21.90,$36.50 / 100EA
Decor Thermoglass Baking Dish Realseal 3l,$27.00,
So Slime DIY Fluffy Pop Slime Shakers Kids/Children Toy 3pc,$26.95,
Yankee Candle Yankee Seasonal Jar Wild Daisy Meadow 340g,$20.00,
Coco & Lucas' Spaghetti Bolognese Frozen Meal 220g,$5.30,$2.41 / 100G
Cenovis Echinacea 5000 Capsules For Immune Support 60 Pack,$16.80,$28.00 / 100EA
Sara Lee Apple Danish 400g,$8.50,$2.13 / 100G
Dimplex Riley Electric Heater Stove 2KW,$404.10,
Nanna's Frozen Crepes 400g,$7.25,$1.81 / 100G
Staedtler Noris Colour Coloured Pencils 12 Pack,$5.40,
Cenovis Garlic Horseradish + Vitamin C Complex For Immune Support 120 Pack,$17.50,$14.58 / 100EA
Woolworths Frozen Sticky Date Puddings 2 Pack,$4.00,$1.82 / 100G
Essentials Chopping Board 2 Pack,$6.50,
Red Capsicum Each,$0.98,$0.98 / 1EA
Fresh Tomato Each,$0.43,$0.43 / 1EA
Woolworths Onion Brown Bag 1kg,$3.20,$3.20 / 1KG
Green Zucchini Each,$0.90,$0.90 / 1EA
Pumpkin Kent Cut Each,$2.03,$2.03 / 1EA
Capsicum Green Each,$0.98,$0.98 / 1EA
Woolworths Diced Italian Tomatoes 400g,$1.10,$2.75 / 1KG
Woolworths 8 Beef Sausages 600g,$7.00,$11.67 / 1KG
Chan's Yum Cha Pork & Chive Gyoza 250g,$5.50,$2.20 / 100G
Pasta Master Chicken & Bacon Bake Chilled Meal 1.2kg,$13.50,$1.13 / 100G
Airwick Reed Diffuser Freesia & Jasmine 50ml,$10.50,$2.10 / 10ML
Barbadillo Pedro Sherry Ximinez 750ml,$25.00,
Staedtler Natural Graphite Pencils Hb 5 Pack,$3.40,
Woolworths Classic Butter Chicken Chilled Meal 400g,$8.90,$2.23 / 100G
Coco & Lucas' Beef Cottage Pie 220g,$5.30,$2.41 / 100G
Elmer's Magical Liquid Liquid 258ml,$11.75,
Mccain Lamb Cutlet & Gravy Frozen 320g,$7.50,$2.34 / 100G
Woolworths Chocolate Bavarian 450g,$4.30,$0.96 / 100G
Fast Fuel Meals Potato Leek Soup 350g,$3.50,$1.00 / 100G
"Woolworths Calorie Controlled Ricotta, Pumpkin & Spinach Cannelloni 350g",$7.50,$2.14 / 100G
The Advocate Cabernet Sauvignon 750ml 750ml,$35.00,
My Muscle Chef Lemon Pepper Chicken Chilled Meal 330g,$11.95,$3.62 / 100G
Sara Lee Blueberry Danish 400g,$8.50,$2.13 / 100G
Woolworths Basil Pesto Arancini Bites 200g,$6.50,$3.25 / 100G
Pana Organic Hot Chocolate 200g,$7.00,$3.50 / 100G
Faber-castell Coloured Pencils 24 Pack,$9.25,
Porta Dante Prosecco 750ml,$20.00,
Cat Amongst The Pigeons Chardonnay 750ml,$21.00,
Nurofen Zavance Fast Pain Relief Tablets 256mg Ibuprofen 12 Pack,$5.00,$0.42 / 1EA
Claratyne Hayfever Allergy Relief Antihistamine Tablets 10 Pack,$12.25,$1.23 / 1EA
Red Capsicum Each,$0.98,$0.98 / 1EA
Fresh Tomato Each,$0.43,$0.43 / 1EA
Woolworths Onion Brown Bag 1kg,$3.20,$3.20 / 1KG
Green Zucchini Each,$0.90,$0.90 / 1EA
Pumpkin Kent Cut Each,$2.03,$2.03 / 1EA
Capsicum Green Each,$0.98,$0.98 / 1EA
Woolworths Diced Italian Tomatoes 400g,$1.10,$2.75 / 1KG
Woolworths 8 Beef Sausages 600g,$7.00,$11.67 / 1KG
