Product Name,Price,Price per Unit
Tip Top Sandwich Thins Wholemeal Bread 6 Pack,$3.00,$1.25 / 100G
Tip Top Sandwich Thins Original Bread 6 Pack,$3.00,$1.25 / 100G
Tip Top Burger Thins Bread 6 Pack,$3.00,$1.50 / 100G
Tip Top Sandwich Thins Mixed Grain 6 Pack,$3.00,$1.25 / 100G
Woolworths White Wrap 8 Pack,$2.50,$0.69 / 100G
Mission Wraps Original 8 Pack,$5.50,$0.97 / 100G
Woolworths Wholegrain Wrap 8pk 360g,$2.50,$0.69 / 100G
Woolworths Stonebaked Turkish Rolls 4 Pack,$2.80,$0.70 / 100G
Mission Wraps Wholegrain 8 Pack 567g,$5.50,$0.97 / 100G
Woolworths 35hr Sourdough Loaf White Each,$6.50,$6.50 / 1EA
Abbott's Bakery Rustic White Sandwich Slice Bread Loaf 700g,$4.90,$0.70 / 100G
Abbott's Bakery Dark Rye Sandwich Slice Bread Loaf 700g,$4.90,$0.70 / 100G
Abbott's Bakery Light Rye Sandwich Slice Bread Loaf 680g,$4.90,$0.72 / 100G
Abbott's Bakery Country Grains Sandwich Slice Bread Loaf 800g,$4.90,$0.61 / 100G
Mission Wraps Spinach & Herb 8 Pack,$5.50,$0.97 / 100G
Woolworths Bread Rolls Extra Soft Lunch 6 Pack,$2.65,$0.44 / 1EA
Mission Wraps Mini Original 8 Pack,$5.50,$1.43 / 100G
Woolworths Wholemeal Soft Sandwich Bread 650g,$2.70,$0.42 / 100G
Wonder White Wholemeal With Iron Sandwich Slice 700g,$4.40,$0.63 / 100G
Wonder White Bread Vitamins & Minerals Sandwich 700g,$4.40,$0.63 / 100G
Tip Top The One White Sandwich Slice Bread Loaf 700g,$4.40,$0.63 / 100G
Woolworths Rustic White Sourdough Loaf 500g,$6.00,$1.20 / 100G
Tip Top The One White Toast Slice Bread Loaf 700g,$4.40,$0.63 / 100G
Toscano Waffles 4 Pack,$6.50,$1.81 / 100G
Helga's Traditional White Wraps 8 Pack,$4.50,$0.89 / 100G
Woolworths Scone Homestyle Buttermilk 6 Pack,$6.00,$1.00 / 1EA
Helga's Sourdough Loaf 650g,$4.90,$0.75 / 100G
Tip Top Raisin Fruit Bread Loaf Toast 520g,$4.50,$0.87 / 100G
Wonder White Bread Vitamins & Minerals Toast 700g,$4.40,$0.63 / 100G
Woolworths Bread Rolls Extra Soft Jumbo 6 Pack,$3.00,$0.50 / 1EA
Tip Top Sandwich Thins Wholemeal Bread 6 Pack,$3.00,$1.25 / 100G
Tip Top Sandwich Thins Original Bread 6 Pack,$3.00,$1.25 / 100G
Tip Top Burger Thins Bread 6 Pack,$3.00,$1.50 / 100G
Tip Top Sandwich Thins Mixed Grain 6 Pack,$3.00,$1.25 / 100G
Woolworths White Wrap 8 Pack,$2.50,$0.69 / 100G
Mission Wraps Original 8 Pack,$5.50,$0.97 / 100G
Woolworths Wholegrain Wrap 8pk 360g,$2.50,$0.69 / 100G
Woolworths Stonebaked Turkish Rolls 4 Pack,$2.80,$0.70 / 100G
Mission Wraps Wholegrain 8 Pack 567g,$5.50,$0.97 / 100G
Woolworths 35hr Sourdough Loaf White Each,$6.50,$6.50 / 1EA
Abbott's Bakery Rustic White Sandwich Slice Bread Loaf 700g,$4.90,$0.70 / 100G
Abbott's Bakery Dark Rye Sandwich Slice Bread Loaf 700g,$4.90,$0.70 / 100G
Abbott's Bakery Light Rye Sandwich Slice Bread Loaf 680g,$4.90,$0.72 / 100G
Abbott's Bakery Country Grains Sandwich Slice Bread Loaf 800g,$4.90,$0.61 / 100G
Mission Wraps Spinach & Herb 8 Pack,$5.50,$0.97 / 100G
Woolworths Bread Rolls Extra Soft Lunch 6 Pack,$2.65,$0.44 / 1EA
Mission Wraps Mini Original 8 Pack,$5.50,$1.43 / 100G
Woolworths Wholemeal Soft Sandwich Bread 650g,$2.70,$0.42 / 100G
Wonder White Wholemeal With Iron Sandwich Slice 700g,$4.40,$0.63 / 100G
Wonder White Bread Vitamins & Minerals Sandwich 700g,$4.40,$0.63 / 100G
Tip Top The One White Sandwich Slice Bread Loaf 700g,$4.40,$0.63 / 100G
Woolworths Rustic White Sourdough Loaf 500g,$6.00,$1.20 / 100G
Tip Top The One White Toast Slice Bread Loaf 700g,$4.40,$0.63 / 100G
Toscano Waffles 4 Pack,$6.50,$1.81 / 100G
Helga's Traditional White Wraps 8 Pack,$4.50,$0.89 / 100G
Woolworths Scone Homestyle Buttermilk 6 Pack,$6.00,$1.00 / 1EA
Helga's Sourdough Loaf 650g,$4.90,$0.75 / 100G
Tip Top Raisin Fruit Bread Loaf Toast 520g,$4.50,$0.87 / 100G
Wonder White Bread Vitamins & Minerals Toast 700g,$4.40,$0.63 / 100G
Woolworths Bread Rolls Extra Soft Jumbo 6 Pack,$3.00,$0.50 / 1EA
Woolworths Bread Rolls Soft Hamburger 6 Pack,$2.65,$0.44 / 1EA
Tip Top The One Wholemeal Sandwich Slice Bread Loaf 700g,$4.40,$0.63 / 100G
Helga's Wraps Mixed Grain 8 Pack,$4.50,$0.89 / 100G
Woolworths 35hr Sourdough Loaf Seeded Each,$6.50,$6.50 / 1EA
Woolworths White Soft Sandwich Bread 650g,$2.70,$0.42 / 100G
Woolworths Stonebaked Turkish Pide Loaf 400g,$2.80,$0.70 / 100G
Woolworths Bread Rolls Hotdog Extra Soft 6 Pack,$2.65,$0.44 / 1EA
Simson's Pantry High Protein Low Carb Wraps 5 Pack,$4.40,$1.96 / 100G
Mission Wraps Soft & Fluffy 12 Pack,$4.50,$1.00 / 100G
Woolworths Extra Soft Bread Rolls Jumbo Hamburger 6 Pack,$3.00,$0.50 / 1EA
Mission Wraps Low Carb 288g 6 Pack,$5.50,$1.91 / 100G
Mighty Soft Raisin Toast 600g,$6.50,$1.08 / 100G
Woolworths English Muffins 6 Pack,$2.90,$0.48 / 1EA
Mountain Bread Rye Wraps 200g,$4.90,$2.45 / 100G
Woolworths White Soft Toast Bread 650g,$2.70,$0.42 / 100G
Woolworths Bread Rolls Soft Wholemeal Lunch 6 Pack,$2.65,$0.44 / 1EA
Woolworths Wholemeal Sandwich Hi-fibre Bread 700g,$3.50,$0.50 / 100G
Mighty Soft Bread Rolls Hamburger Buns 6 Pack,$3.70,$0.62 / 1EA
Golden Crumpets Round 6 Pack,$4.40,$0.73 / 1EA
Crafted Range Of Sourdough White Loaf Each,$7.50,$7.50 / 1EA
Tip Top English Muffins Original 6 Pack,$3.00,$0.50 / 1EA
Helga's Bread Traditional Wholemeal 750g,$4.90,$0.65 / 100G
Golden Crumpets Round 6 Pack,$4.40,$0.73 / 1EA
Tip Top Raisin Fruit Bread Loaf Toast 520g,$4.50,$0.87 / 100G
Wonder White Bread Vitamins & Minerals Sandwich 700g,$4.40,$0.63 / 100G
Woolworths Banana Bread Slices 5 Pack,$6.25,$1.25 / 100G
Tip Top English Muffins Original 6 Pack,$3.00,$0.50 / 1EA
Tip Top The One White Sandwich Slice Bread Loaf 700g,$4.40,$0.63 / 100G
Wonder White Wholemeal With Iron Sandwich Slice 700g,$4.40,$0.63 / 100G
Woolworths All Butter Croissants 4 Pack,$2.85,$0.71 / 1EA
Woolworths Bread Rolls Crusty Lunch 6 Pack,$2.65,$0.44 / 1EA
Crafted Range Of Sourdough Dark Rye Loaf Each,$7.50,$7.50 / 1EA
Mountain Bread Natural Light Wraps 8 Pack,$4.90,$2.45 / 100G
Tip Top 9 Grain Classic Sandwich Bread 700g,$4.40,$0.63 / 100G
Woolworths Bread Rolls Bacon & Cheese 6 Pack,$6.00,$1.00 / 1EA
Mighty Soft Bread Rolls Hot Dog 6 Pack,$3.70,$0.62 / 1EA
Woolworths Jumbo Tiger Rolls 6 Pack,$3.00,$0.50 / 1EA
Toscano Waffles Choc Chip 360g,$6.50,$1.81 / 100G
Tip Top White Bread Rolls Hamburger Buns 6 Pack,$4.50,$0.75 / 1EA
Mission Souvlaki Bread 320g,$3.50,$1.09 / 100G
35hr Sourdough Mini Loaf White Each,$2.50,$2.50 / 1EA
Helga's Wholemeal Lower Carb Wraps 6 Pack,$4.50,$1.67 / 100G
Woolworths Crusty Vienna Loaf 450g,$3.00,$3.00 / 1EA
Menissez Bake At Home White Dinner Rolls 6 Pack,$2.60,$0.43 / 1EA
Woolworths All Butter Croissants 4 Pack,$2.85,$0.71 / 1EA
Essentials White Sandwich Bread 650g,$2.40,$0.37 / 100G
Woolworths Bread Rolls Grain Lunch 6 Pack,$2.65,$0.44 / 1EA
Woolworths Jam Sponge Roll 400g,$3.50,$0.88 / 100G
Abbott's Bakery Light Rye Sandwich Slice Bread Loaf 680g,$4.90,$0.72 / 100G
Tip Top Burger Thins Bread 6 Pack,$3.00,$1.50 / 100G
Abbott's Bakery Rustic White Sandwich Slice Bread Loaf 700g,$4.90,$0.70 / 100G
Woolworths Turkish Rolls 3 Pack,$3.75,$1.25 / 1EA
Mission Pita Bread Pockets Wholemeal 420g,$4.40,$1.05 / 100G
Golden Crumpets Round 6 Pack,$4.40,$0.73 / 1EA
Tip Top Raisin Fruit Bread Loaf Toast 520g,$4.50,$0.87 / 100G
Wonder White Bread Vitamins & Minerals Sandwich 700g,$4.40,$0.63 / 100G
Woolworths Banana Bread Slices 5 Pack,$6.25,$1.25 / 100G
Tip Top English Muffins Original 6 Pack,$3.00,$0.50 / 1EA
Tip Top The One White Sandwich Slice Bread Loaf 700g,$4.40,$0.63 / 100G
Wonder White Wholemeal With Iron Sandwich Slice 700g,$4.40,$0.63 / 100G
Woolworths All Butter Croissants 4 Pack,$2.85,$0.71 / 1EA
Sonoma Country White Sourdough 640g,$8.00,$1.25 / 100G
Woolworths Sourdough Rolls White 3 Pack,$4.00,$1.33 / 1EA
Woolworths Banana Bread Slices 5 Pack,$6.25,$1.25 / 100G
Brioche Gourmet Brioche Sliders 10 Pack,$6.50,$0.65 / 1EA
Helga's Bread Light Rye 680g,$4.90,$0.72 / 100G
Woolworths Bread Rolls Soft Wholemeal Jumbo 6 Pack,$3.00,$0.50 / 1EA
Woolworths Multigrain Soft Sandwich Bread 650g,$2.70,$0.42 / 100G
Tip Top Café Raisin Bread Thick 650g,$5.00,$0.77 / 100G
Woolworths Mini Choc Chip Muffin 8 Pack,$4.70,$1.47 / 100G
Tip Top The One Gluten Free White Sandwich Slice Bread Loaf 550g,$7.00,$1.27 / 100G
Tip Top English Muffins Wholemeal 6 Pack,$3.00,$0.50 / 1EA
Abbott's Bakery Farmhouse Wholemeal Sandwich Slice Bread Loaf 750g,$4.90,$0.65 / 100G
Woolworths Country Loaf Wholemeal 750g,$3.90,$0.52 / 100G
Woolworths Bread Roll Cheese & Bacon 4 Pack,$4.50,$1.13 / 1EA
Woolworths Mini Choc Sponge Rolls 6 Pack,$3.50,$1.40 / 100G
Woolworths Bread Rolls Crusty Jumbo Long 6 Pack,$3.00,$0.50 / 1EA
Woolworths Bread Loaf Crusty Tiger Tummy Vienna 450g,$3.00,$3.00 / 1EA
Tip Top Hot Dog Rolls 6 Pack,$4.50,$0.75 / 1EA
Woolworths Free From Gluten White Wraps 4 Pack,$5.50,$2.75 / 100G
Mission Pita Bread Pockets Plain 420g,$4.40,$1.05 / 100G
Nana Traditional Lebanese Bread Wholemeal 350g,$1.80,$0.51 / 100G
Woolworths Crumpets 6 Pack,$2.00,$0.33 / 1EA
Essentials Fruit Toast 560g,$3.00,$0.54 / 100G
Golden Crumpets Round 6 Pack,$4.40,$0.73 / 1EA
Tip Top Raisin Fruit Bread Loaf Toast 520g,$4.50,$0.87 / 100G
Wonder White Bread Vitamins & Minerals Sandwich 700g,$4.40,$0.63 / 100G
Woolworths Banana Bread Slices 5 Pack,$6.25,$1.25 / 100G
Tip Top English Muffins Original 6 Pack,$3.00,$0.50 / 1EA
Tip Top The One White Sandwich Slice Bread Loaf 700g,$4.40,$0.63 / 100G
Wonder White Wholemeal With Iron Sandwich Slice 700g,$4.40,$0.63 / 100G
Woolworths All Butter Croissants 4 Pack,$2.85,$0.71 / 1EA
Woolworths Zucchini Slice Chilled Meal 700g,$13.50,$1.93 / 100G
Golden Crumpets Round Wholemeal 6 Pack,$4.40,$0.73 / 1EA
Woolworths 35hr Sourdough Loaf Kalamata Olive Each,$6.50,$6.50 / 1EA
Woolworths Mini Blueberry Muffins 8 Pack,$4.70,$1.47 / 100G
Mighty Soft Fruit Loaf Cafe Style 600g,$3.50,$0.58 / 100G
Toscano Chocolate Croissants 6 Pack,$5.50,$0.92 / 1EA
Mountain Bread Rice Mountain Bread 200g,$4.90,$2.45 / 100G
Golden Crumpet Squares 6 Pack,$3.50,$0.58 / 1EA
Simson's Pantry Low Carb High Protein + Fibre Large Wraps 6 Pack,$6.50,$1.55 / 100G
Helga's Grain Bread Mixed Grain 850g,$4.90,$0.58 / 100G
Tip Top Gourmet Burger Buns 4 Pack,$5.50,$2.50 / 100G
Nana Traditional Lebanese Bread White 350g,$1.80,$0.51 / 100G
Woolworths Mini Double Choc Muffins 8 Pack,$4.70,$1.47 / 100G
Abbott's Bakery Dark Rye Sandwich Slice Bread Loaf 700g,$4.90,$0.70 / 100G
Toscano Classic Pizza Bases 2 Pack,$6.50,$2.17 / 100G
Woolworths 35hr Sourdough Loaf Garlic & Olive Oil Loaf Each,$6.50,$6.50 / 1EA
Mini Mighty Cheese Scroll 6 Pack,$4.50,$0.75 / 1EA
Woolworths All Butter Croissant 3 Pack,$2.85,$0.95 / 1EA
White Panini Roll 3 Pack,$3.75,$3.75 / 1EA
35hr Sourdough Mini Loaf Dark Rye Each,$2.50,$2.50 / 1EA
Woolworths Bread White Extra Soft Loaf 680g,$2.70,$0.40 / 100G
Woolworths White Soft Hi-fibre Bread 700g,$3.50,$0.50 / 100G
Woolworths Turkish Loaf 400g,$4.00,$4.00 / 1EA
Woolworths Mini Bread Rolls Soft Lunch 12 Pack,$4.50,$0.38 / 1EA
Golden Crumpets Round 6 Pack,$4.40,$0.73 / 1EA
Tip Top Raisin Fruit Bread Loaf Toast 520g,$4.50,$0.87 / 100G
Wonder White Bread Vitamins & Minerals Sandwich 700g,$4.40,$0.63 / 100G
Woolworths Banana Bread Slices 5 Pack,$6.25,$1.25 / 100G
Tip Top English Muffins Original 6 Pack,$3.00,$0.50 / 1EA
Tip Top The One White Sandwich Slice Bread Loaf 700g,$4.40,$0.63 / 100G
Wonder White Wholemeal With Iron Sandwich Slice 700g,$4.40,$0.63 / 100G
Woolworths All Butter Croissants 4 Pack,$2.85,$0.71 / 1EA
Woolworths Lamington Fingers 18 Pack,$3.40,$0.97 / 100G
Helga's Bread Traditional White 750g,$4.90,$0.65 / 100G
Woolworths 35hr Sourdough Mini Loaf Seeded Each,$2.50,$2.50 / 1EA
Woolworths Mini Pizza Scroll 6 Pack,$4.50,$0.75 / 1EA
Bakery Du Jour Brioche Burger Buns 4 Pack,$3.30,$0.83 / 1EA
Home Chef Quiche Lorraine Chilled Meal 700g,$9.00,$1.29 / 100G
Crafted Range Of Sourdough Olive Loaf Each,$7.50,$7.50 / 1EA
Woolworths Crusty Baguette French Stick 340g,$1.90,$1.90 / 1EA
Helga's Sweet Potato Wraps 7 Pack,$4.50,$1.01 / 100G
Home Chef Quiche Spinach & Feta Chilled Meal 700g,$9.00,$1.29 / 100G
Woolworths Bread Wholemeal Loaf 680g,$2.70,$0.40 / 100G
Toscano Tiramisu 500g,$9.50,$1.90 / 100G
Woolworths Bread Wholemeal Soft Loaf 800g,$3.50,$0.44 / 100G
Helga's Corn Tortilla Wraps 8 Pack,$4.50,$0.89 / 100G
Toscano Gluten Free Pizza Base 180g,$7.00,$3.89 / 100G
Woolworths Mixed Tarts 6 Pack,$3.75,$0.63 / 1EA
Woolworths Caramel Slices 4 Pack,$4.30,$2.15 / 100G
Woolworths Pikelets 8 Pack,$2.80,$0.35 / 1EA
Sonoma Whole Wheat Miche 605g,$8.00,$1.32 / 100G
Woolworths Mini Banana Muffin 8 Pack,$4.70,$1.47 / 100G
Woolworths Dreamy Chocolate Chip Cookies 5 Pack,$2.50,$0.50 / 1EA
Woolworths Sourdough Rolls Seeded 3 Pack,$4.00,$1.33 / 1EA
Woolworths Diamond Ciabatta White Roll 4 Pack,$3.75,$0.94 / 1EA
Golden Crumpets Round 6 Pack,$4.40,$0.73 / 1EA
Tip Top Raisin Fruit Bread Loaf Toast 520g,$4.50,$0.87 / 100G
Wonder White Bread Vitamins & Minerals Sandwich 700g,$4.40,$0.63 / 100G
Woolworths Banana Bread Slices 5 Pack,$6.25,$1.25 / 100G
Tip Top English Muffins Original 6 Pack,$3.00,$0.50 / 1EA
Tip Top The One White Sandwich Slice Bread Loaf 700g,$4.40,$0.63 / 100G
Wonder White Wholemeal With Iron Sandwich Slice 700g,$4.40,$0.63 / 100G
Woolworths All Butter Croissants 4 Pack,$2.85,$0.71 / 1EA
Woolworths Turkish Rolls Garlic 3 Pack,$3.75,$1.25 / 1EA
Hedy's Fresh Quiche Spinach & Feta Chilled Meal 1.1kg,$12.50,$1.14 / 100G
Burgen Rye Low Gi Sliced Bread Loaf 700g,$5.90,$0.84 / 100G
Woolworths Bread White Extra Soft Loaf 800g,$3.50,$0.44 / 100G
Tip Top Pizza Bases White 12 Inch 2 Pack,$6.40,$1.45 / 100G
Woolworths Double Unfilled Sponge 460g,$6.00,$1.30 / 100G
Hedy's Fresh Quiche Lorraine Chilled Meal 1.1kg,$12.50,$1.14 / 100G
Home Chef Quiche Lorraine Chilled Meal 200g,$5.00,$2.50 / 100G
Woolworths Plain Ciabatta Roll 4 Pack,$3.75,$0.94 / 1EA
Tip Top 9 Grain Wholemeal Sandwich Bread 750g,$4.40,$0.59 / 100G
Simson's Pantry Low Carb Keto Friendly Wraps 5 Pack,$6.00,$3.00 / 100G
Home Chef Spinach & Feta Quiche Chilled Meal 200g,$5.00,$2.50 / 100G
Mr Kipling Cake Angel Slices Snack Pack 6 Pack,$5.00,$0.83 / 1EA
Woolworths Thin Crust Pizza Base 2 Pack,$3.00,$1.50 / 100G
Toscano Chocolate Filled Crepes 192g,$6.00,$3.13 / 100G
Abe's Bagel Bakery Natural Bagels 360g 4 Pack,$4.50,$1.13 / 1EA
Abbott's Bakery Country Grains Sandwich Slice Bread Loaf 800g,$4.90,$0.61 / 100G
Toscano Pizza Bruschettina 270g,$6.00,$2.22 / 100G
Toscano Classic Brioche Rolls 280g,$5.50,$1.96 / 100G
Woolworths Cinnamon Scroll 2 Pack,$3.50,$1.75 / 1EA
Woolworths Cookies Choc Chip 24 Pack,$6.50,$0.27 / 1EA
Bfree 5 Wraps Sweet Potato 210g,$8.00,$3.81 / 100G
Golden Crumpets Round 6 Pack,$4.40,$0.73 / 1EA
Tip Top Raisin Fruit Bread Loaf Toast 520g,$4.50,$0.87 / 100G
Wonder White Bread Vitamins & Minerals Sandwich 700g,$4.40,$0.63 / 100G
Woolworths Banana Bread Slices 5 Pack,$6.25,$1.25 / 100G
Tip Top English Muffins Original 6 Pack,$3.00,$0.50 / 1EA
Tip Top The One White Sandwich Slice Bread Loaf 700g,$4.40,$0.63 / 100G
Wonder White Wholemeal With Iron Sandwich Slice 700g,$4.40,$0.63 / 100G
Woolworths All Butter Croissants 4 Pack,$2.85,$0.71 / 1EA
Large Butter Croissant 10 Pack,$9.00,$0.90 / 1EA
Tip Top Potato Burger Buns 4 Pack,$5.50,$1.88 / 100G
Woolworths Hawaiian Jumbo Roll 2 Pack,$3.40,$1.70 / 1EA
Tip Top The One Gluten Free Smooth Wholegrain Bread 550g,$7.00,$1.27 / 100G
Toscano Tiramisu Twin 60g X2 Pack,$6.00,$5.00 / 100G
Golden Pikelets 8 Pack,$4.50,$0.56 / 1EA
Woolworths Loaf Pane Di Casa 520g,$5.00,$5.00 / 1EA
Woolworths Roasted Vegetable Quiche Chilled Meal 700g,$14.00,$2.00 / 100G
Woolworths Loaf Crusty Cobb 450g,$3.00,$3.00 / 1EA
Brioche Gourmet Burger Buns 4 Pack,$6.50,$1.63 / 1EA
Woolworths Blueberry Muffins 4 Pack,$4.70,$1.12 / 100G
Macro Linseed & Sunflower Low Carb Loaf 500g,$4.80,$0.96 / 100G
Helga's Pumpkin Seed & Grain 720g,$4.90,$0.68 / 100G
Woolworths Anzac Biscuit Family 24 Pack,$6.50,$0.27 / 1EA
Tip Top Sandwich Thins Mixed Grain 6 Pack,$3.00,$1.25 / 100G
Woolworths Mini Croissant 8 Pack,$4.00,$0.50 / 1EA
Helga's Prebiotic Wraps Large 6 Pack,$4.50,$1.18 / 100G
Abbott's Bakery Sourdough White 760g,$5.20,$0.68 / 100G
Toscano Chocolate Chip Brioche Rolls 280g,$6.50,$2.32 / 100G
Woolworths Choc Chip Muffin 4 Pack,$4.70,$1.12 / 100G
Nana Premium Lebanese Bread Wholemeal 500g,$3.80,$0.76 / 100G
Woolworths Cup Cake Mini Iced 9 Pack,$5.50,$0.61 / 1EA
Tip Top Pizza Bases Wholemeal 12 Inch 2 Pack,$6.40,$1.45 / 100G
Woolworths Cookies Jam Drop 14 Pack,$3.50,$0.25 / 1EA
Golden Crumpets Round 6 Pack,$4.40,$0.73 / 1EA
Tip Top Raisin Fruit Bread Loaf Toast 520g,$4.50,$0.87 / 100G
Wonder White Bread Vitamins & Minerals Sandwich 700g,$4.40,$0.63 / 100G
Woolworths Banana Bread Slices 5 Pack,$6.25,$1.25 / 100G
Tip Top English Muffins Original 6 Pack,$3.00,$0.50 / 1EA
Tip Top The One White Sandwich Slice Bread Loaf 700g,$4.40,$0.63 / 100G
Wonder White Wholemeal With Iron Sandwich Slice 700g,$4.40,$0.63 / 100G
Woolworths All Butter Croissants 4 Pack,$2.85,$0.71 / 1EA
Woolworths Portuguese Tarts 4 Pack,$7.00,$1.75 / 1EA
Woolworths Iced Finger Bun Extra Soft 4 Pack,$3.50,$0.88 / 1EA
Woolworths Free From Gluten White Bread 550g,$6.25,$1.14 / 100G
Menissez Bake At Home Multigrain Dinner Rolls 6 Pack,$2.60,$0.43 / 1EA
Woolworths 7 Seeds & Grains Hi Fibre Low Gi Loaf 750g,$3.70,$0.49 / 100G
Nana Premium Lebanese Bread White 500g,$3.80,$0.76 / 100G
Helga's Wholemeal Bread With Grains 850g,$4.90,$0.58 / 100G
Burgen Soy & Linseed Low Gi Sliced Bread Loaf 700g,$5.90,$0.84 / 100G
Woolworths Bread Grain Loaf 800g,$3.50,$0.44 / 100G
Brioche Gourmet Hot Dog Rolls 6 Pack,$6.50,$1.08 / 1EA
Toscano Sourdough Pizza Base 2 Pack,$7.50,$1.79 / 100G
Woolworths Mini Iced Cupcakes With Sprinkles 24 Pack,$11.00,$0.46 / 1EA
Woolworths Double Choc Chip Muffin 4 Pack,$4.70,$1.12 / 100G
Mr Kipling Lemon Slice 6 Pack,$5.00,$0.83 / 1EA
Nana Premium Pita Bread Wholemeal 5 Pack,$2.50,$1.00 / 100G
Woolworths Bun Finger Iced With Rainbow Sprinkles 4 Pack,$3.50,$0.88 / 1EA
Wonder Soft White Gluten Free 470g,$7.00,$1.49 / 100G
Turkish Bakeries Stone Baked Pizza Bases 2 Pack,$6.00,$1.33 / 100G
Cadbury Mini Rolls Chocolate 5 Pack,$6.00,$1.20 / 1EA
Toscano Macarons 144g,$10.50,$7.29 / 100G
Woolworths Free From Gluten Seeded Bread 550g,$6.25,$1.14 / 100G
Helga's Gluten Free Wholemeal Loaf 500g,$7.50,$1.50 / 100G
Mini Chocolate Croissant 8 Pack,$4.00,$0.50 / 1EA
Golden Crumpets Round 6 Pack,$4.40,$0.73 / 1EA
Tip Top Raisin Fruit Bread Loaf Toast 520g,$4.50,$0.87 / 100G
Wonder White Bread Vitamins & Minerals Sandwich 700g,$4.40,$0.63 / 100G
Woolworths Banana Bread Slices 5 Pack,$6.25,$1.25 / 100G
Tip Top English Muffins Original 6 Pack,$3.00,$0.50 / 1EA
Tip Top The One White Sandwich Slice Bread Loaf 700g,$4.40,$0.63 / 100G
Wonder White Wholemeal With Iron Sandwich Slice 700g,$4.40,$0.63 / 100G
Woolworths All Butter Croissants 4 Pack,$2.85,$0.71 / 1EA
Woolworths White Hi Fibre Low Gi Loaf 680g,$3.70,$0.54 / 100G
Mr Kipling Choc Slice 6 Pack,$5.00,$0.83 / 1EA
Woolworths Soft & Glazed Milk Buns 4 Pack,$5.50,$1.38 / 1EA
Burgen Wholemeal & Seeds Low Gi Sliced Bread Loaf 700g,$5.90,$0.84 / 100G
Woolworths Lemon Madeira Cake 315g,$3.30,$1.05 / 100G
Golden Pancakes 6 Pack 360g,$4.50,$1.25 / 100G
Brioche Gourmet Brioche Burger Buns With Seasame Seeds 4 Pack,$6.50,$1.63 / 1EA
Woolworths Jam Filled Lamingtons 6 Pack,$3.40,$0.97 / 100G
Woolworths Madeira Cake 450g,$3.30,$0.73 / 100G
Woolworths Banana Muffin Bars 10 Pack,$5.85,$1.46 / 100G
Woolworths Chocolate Iced Donuts 4 Pack,$5.30,$1.33 / 1EA
Woolworths Double Choc Muffin Bars 10 Pack,$5.85,$1.46 / 100G
Woolworths Party Pack Mud Cake Slices 24 Pack,$13.00,$1.30 / 100G
Helga's Gluten Free Traditional White Loaf 470g,$7.50,$1.60 / 100G
Toscano Double Choc Mousse Twin 60g X2 Pack,$6.00,$5.00 / 100G
Woolworths Caramel Bar Slice 260g,$7.50,$2.88 / 100G
Woolworths Strawberry Iced Donuts 4 Pack,$5.30,$1.33 / 1EA
Woolworths Sliced Carrot Sultana & Walnut Loaf 500g,$6.50,$1.30 / 100G
Woolworths Mud Cake White 600g,$6.40,$1.07 / 100G
Abe's Bagel Bakery Sesame Seed Bagels 360g 4 Pack,$4.50,$1.13 / 1EA
Woolworths Mini Mighty Cheese Pinwheel 8 Pack,$4.00,$0.50 / 1EA
Wonder Gluten Free Wholemeal Bread 500g,$7.00,$1.40 / 100G
Golden Crumpets Round 6 Pack,$4.40,$0.73 / 1EA
Tip Top Raisin Fruit Bread Loaf Toast 520g,$4.50,$0.87 / 100G
Wonder White Bread Vitamins & Minerals Sandwich 700g,$4.40,$0.63 / 100G
Woolworths Banana Bread Slices 5 Pack,$6.25,$1.25 / 100G
Tip Top English Muffins Original 6 Pack,$3.00,$0.50 / 1EA
Tip Top The One White Sandwich Slice Bread Loaf 700g,$4.40,$0.63 / 100G
Wonder White Wholemeal With Iron Sandwich Slice 700g,$4.40,$0.63 / 100G
Woolworths All Butter Croissants 4 Pack,$2.85,$0.71 / 1EA
Woolworths Lightly Fruited Cake 700g,$4.30,$0.61 / 100G
Noshu 95% Sugar Free Iced Carrot Cake 4 Slices 180g,$7.00,$3.89 / 100G
Lawson's Settlers Grain Traditional Bread 750g,$5.80,$0.77 / 100G
Woolworths Raspberry & White Choc Loaded Muffins 4 Pack,$7.50,$1.88 / 1EA
Bfree Pita Pockets 6 Pack,$7.00,$3.65 / 100G
Abe's Bagel Bakery Blueberry Bagels 4 Pack,$4.50,$1.13 / 1EA
Mission Pizza Bases Round 2 Pack 200g,$4.60,$2.30 / 100G
Burgen Lower Carb High Protein Sunflower & Linseed Bread Loaf 660g,$7.00,$1.06 / 100G
Abe's Low Carb Bagels 360g,$4.50,$1.13 / 1EA
Simson's Pantry Mini Pizza Bases Plain 6 Pack,$4.50,$1.88 / 100G
Lawson's Wholemeal Traditional Bread 750g,$5.80,$0.77 / 100G
Toscano French Style Madeleines Choc Cream Filled 238g,$5.00,$2.10 / 100G
Abbott's Bakery Gluten Free Farmhouse Wholemeal Bread Slice Loaf 500g,$7.80,$1.56 / 100G
Simson's Pantry Mini's White Wraps 6 Pack,$3.00,$1.79 / 100G
Woolworths Custard Tart 4 Pack,$4.00,$1.00 / 1EA
Helga's 50% Lower Carb 5 Seeds Loaf 700g,$5.00,$0.71 / 100G
Toscano French Style Madeleines Strawberry Jam Filled 238g,$5.00,$2.10 / 100G
Woolworths Mud Cake Caramel 600g,$6.40,$1.07 / 100G
Woolworths Quiche Lorraine Chilled Meal 700g,$14.00,$2.00 / 100G
Woolworths Lemon Poppyseed Muffins 4 Pack,$7.50,$1.88 / 1EA
Helga's Gluten Free Mixed Grains 500g,$7.50,$1.50 / 100G
Woolworths Free From Gluten White Burger Buns 4 Pack,$5.50,$1.72 / 100G
Balconi Trancetto Cocoa 10 Pack,$4.00,$0.40 / 1EA
Golden Crumpets Round 6 Pack,$4.40,$0.73 / 1EA
Tip Top Raisin Fruit Bread Loaf Toast 520g,$4.50,$0.87 / 100G
Wonder White Bread Vitamins & Minerals Sandwich 700g,$4.40,$0.63 / 100G
Woolworths Banana Bread Slices 5 Pack,$6.25,$1.25 / 100G
Tip Top English Muffins Original 6 Pack,$3.00,$0.50 / 1EA
Tip Top The One White Sandwich Slice Bread Loaf 700g,$4.40,$0.63 / 100G
Wonder White Wholemeal With Iron Sandwich Slice 700g,$4.40,$0.63 / 100G
Woolworths All Butter Croissants 4 Pack,$2.85,$0.71 / 1EA
Bfree Low Carb High Protein Wraps 5 Pack,$8.00,$3.81 / 100G
Noshu Sugar Free Banana Bread 240g,$7.00,$2.92 / 100G
Woolworths Cake Chocolate Mud 585g,$6.40,$6.40 / 1EA
Woolworths Jam Filled Donuts 4 Pack,$5.30,$1.33 / 1EA
Woolworths Lamingtons 6 Pack,$3.40,$1.13 / 100G
Noshu 97% Sugar Free Dark Choc & Raspberry Donut 45g,$4.00,$8.89 / 100G
Woolworths Cookie Caramel Bar Slice 280g,$7.50,$2.68 / 100G
Buonissimo Tiramisu Cake 900g,$20.00,$2.22 / 100G
Woolworths Plantitude Granola Cookies 5 Pack,$3.50,$0.70 / 1EA
Woolworths Cheese Roll 4 Pack,$4.50,$1.13 / 1EA
Bill's Health Bakery Multifruit Sourdough Loaf 660g,$8.50,$1.29 / 100G
Helga's Gluten Free 5 Seed Loaf 500g,$7.50,$1.50 / 100G
Woolworths Caramel Iced Donuts 4 Pack,$5.30,$1.33 / 1EA
Noshu 97% Sugar Free Iced Funtella Cakes 180g,$7.00,$3.89 / 100G
Noshu Birthday Cake Donut 45g,$4.00,$8.89 / 100G
Woolworths Free From Gluten Croissants 2 Pack,$5.50,$2.75 / 100G
Toscano Chocolate Truffle 450g,$9.50,$2.11 / 100G
Woolworths Traditional Fruited Bun 6 Pack,$4.00,$0.67 / 1EA
Woolworths 7 Seeds & Grains Hi Fibre Low Gi Mini Loaf 370g,$2.50,$0.68 / 100G
Ham & Cheese Croissant 2 Pack,$3.40,$1.70 / 1EA
Noshu 97% Sugar Free Strawberry Donut 45g,$4.00,$8.89 / 100G
Golden Crumpets Round 6 Pack,$4.40,$0.73 / 1EA
Tip Top Raisin Fruit Bread Loaf Toast 520g,$4.50,$0.87 / 100G
Wonder White Bread Vitamins & Minerals Sandwich 700g,$4.40,$0.63 / 100G
Woolworths Banana Bread Slices 5 Pack,$6.25,$1.25 / 100G
Tip Top English Muffins Original 6 Pack,$3.00,$0.50 / 1EA
Tip Top The One White Sandwich Slice Bread Loaf 700g,$4.40,$0.63 / 100G
Wonder White Wholemeal With Iron Sandwich Slice 700g,$4.40,$0.63 / 100G
Woolworths All Butter Croissants 4 Pack,$2.85,$0.71 / 1EA
Woolworths New York Style Cheesecake 2 Pack,$5.50,$2.50 / 100G
Woolworths Light Fruit Cake 465g,$2.50,$0.54 / 100G
Woolworths Meringues Vanilla Minis 100g,$4.00,$4.00 / 100G
Woolworths Lemon Cheesecake 2 Pack,$4.50,$2.50 / 100G
Pane Di Casa Seeded Loaf Each,$5.00,$5.00 / 1EA
Woolworths Free From Gluten Bake At Home White Dinner Rolls 4 Pack,$4.00,$1.00 / 1EA
Bfree Wholegrain Wraps 5 Pack,$8.00,$3.81 / 100G
Noshu 97% Sugar Free Caramel Spice Donut 45g,$4.00,$8.89 / 100G
Cadbury Chocolate Cake Bars 5 Pack,$6.00,$1.20 / 1EA
Liberate Gluten Free Crumpets 4 Pack,$7.00,$2.92 / 100G
Noshu 98% Sugar Free White Choc & Raspberry Blondie Slices 180g,$7.00,$3.89 / 100G
Woolworths Traditional Carrot Cake 450g,$7.80,$1.73 / 100G
Woolworths Apple Turnover With Fresh Cream Each,$5.00,$5.00 / 1EA
Brioche Gourmet Sliced Loaf 500g,$8.80,$1.76 / 100G
Woolworths Extra Soft Spicy Fruit Loaf 680g,$4.00,$0.59 / 100G
Cadbury Caramel Cake Bars 5 Pack,$6.00,$1.20 / 1EA
Helga's Prebiotic Ancient Grains & Seeds 700g,$5.00,$0.71 / 100G
Woolworths Belgian Chocolate Brownie 300g,$7.00,$2.33 / 100G
Custard Filled Profiterole 8 Pack,$6.75,$0.84 / 1EA
Woolworths Plantitude Vegan Belgian Dark Chocolate Brownie 250g,$7.00,$2.80 / 100G
Burgen Cholesterol Lowering Whole Grain & Oats Loaf 700g,$7.00,$1.00 / 100G
Woolworths Indulgent Chocolate & Caramel Cake 400g,$7.80,$1.95 / 100G
Golden Crumpets Round 6 Pack,$4.40,$0.73 / 1EA
Tip Top Raisin Fruit Bread Loaf Toast 520g,$4.50,$0.87 / 100G
Wonder White Bread Vitamins & Minerals Sandwich 700g,$4.40,$0.63 / 100G
Woolworths Banana Bread Slices 5 Pack,$6.25,$1.25 / 100G
Tip Top English Muffins Original 6 Pack,$3.00,$0.50 / 1EA
Tip Top The One White Sandwich Slice Bread Loaf 700g,$4.40,$0.63 / 100G
Wonder White Wholemeal With Iron Sandwich Slice 700g,$4.40,$0.63 / 100G
Woolworths All Butter Croissants 4 Pack,$2.85,$0.71 / 1EA
Woolworths Ginger Kisses 8 Pack,$4.90,$2.45 / 100G
Woolworths Free From Gluten Pizza Base 190g,$6.00,$3.16 / 100G
Helga's Protein Wholemeal Bread Loaf 750g,$5.00,$0.67 / 100G
Woolworths Mini Dessert Selection 20 Pack,$22.00,$1.10 / 1EA
Helga's Prebiotic Wholemeal & Barley 700g,$5.00,$0.71 / 100G
Krispy Kreme Assorted Doughnuts 9 Pack,$25.00,$25.00 / 1EA
Mr Kipling French Fancies 8 Pack,$6.50,$0.81 / 1EA
Woolworths Funfetti Cookies 24 Pack,$6.50,$0.27 / 1EA
Balconi Mix Max Spgnckes Cocoa 10 Pack,$7.25,$0.73 / 1EA
Woolworths Loaded Carrot Cake Muffin 4 Pack,$7.50,$1.88 / 1EA
Woolworths White Hi Fibre Low Gi White Rolls 4 Pack,$3.50,$0.88 / 1EA
Bare Bakers Choc Brownie 270g,$7.50,$2.78 / 100G
Cadbury Raspberry Mini Rolls Mini Rolls 5 Pack,$6.00,$1.20 / 1EA
Woolworths White Hi Fibre Low Gi Mini Loaf 340g,$2.50,$0.74 / 100G
Woolworths Classic Sponge Cake 350g,$5.40,$1.54 / 100G
Woolworths Pavlova Base Each,$9.20,$9.20 / 1EA
Bare Bakers Salted Caramel Choc Brownie 270g,$7.50,$2.78 / 100G
Woolworths Carrot Loaf 540g,$5.60,$1.04 / 100G
Petite Maison French Macarons 24 Pack,$21.00,$7.29 / 100G
Fry's 100% Vegan Brioche Burger Buns 4 Pack,$6.50,$2.60 / 100G
Woolworths Fruit Bun Iced 480g,$3.50,$0.73 / 100G
Golden Crumpets Round 6 Pack,$4.40,$0.73 / 1EA
Tip Top Raisin Fruit Bread Loaf Toast 520g,$4.50,$0.87 / 100G
Wonder White Bread Vitamins & Minerals Sandwich 700g,$4.40,$0.63 / 100G
Woolworths Banana Bread Slices 5 Pack,$6.25,$1.25 / 100G
Tip Top English Muffins Original 6 Pack,$3.00,$0.50 / 1EA
Tip Top The One White Sandwich Slice Bread Loaf 700g,$4.40,$0.63 / 100G
Wonder White Wholemeal With Iron Sandwich Slice 700g,$4.40,$0.63 / 100G
Woolworths All Butter Croissants 4 Pack,$2.85,$0.71 / 1EA
Mini Pane Di Casa Plain Loaf Each,$2.50,$2.50 / 1EA
Woolworths Orange & Poppy Seed Cake 300g,$5.40,$1.80 / 100G
Woolworths Zesty Lemon Cake 400g,$7.80,$1.95 / 100G
Krispy Kreme Original Glazed Doughnuts 3 Pack,$9.00,$9.00 / 1EA
Woolworths Pastry Flan Case 150g,$3.50,$2.33 / 100G
Krispy Kreme Original Glazed Doughnuts 9 Pack,$21.00,$21.00 / 1EA
Woolworths White Chocolate & Raspberry Cookies 5 Pack,$5.50,$1.10 / 1EA
Soy & Linseed Panini Roll 3 Pack,$3.75,$1.25 / 1EA
Woolworths Beef Mince & Rich Gravy Pastry Chilled Meal 700g,$11.50,$1.64 / 100G
Toscano Brioche English Muffins Classic 5 Pack,$5.00,$1.00 / 1EA
Woolworths 7 Seeds Hi Fibre Low Gi Rolls 4 Pack,$3.50,$0.88 / 1EA
Woolworths Black Forest Gateau Cake 1.4kg,$29.00,$2.07 / 100G
Woolworths Ciabatta Loaf 350g,$4.00,$4.00 / 1EA
Woolworths Tarts Large Custard 480g,$5.00,$1.04 / 100G
Noshu 98% Sugar Free Rich Chocolate Cake Mix 450g,$6.50,$1.44 / 100G
Woolworths Salted Caramel Pretzel Cookies 5 Pack,$5.50,$1.10 / 1EA
Mr Cake Lemon Cakes 8 Pack,$5.00,$2.50 / 100G
Woolworths Chocolate Chunk Cookies 5 Pack,$5.50,$1.10 / 1EA
Woolworths Lemon Drizzle Loaf Cake 450g,$8.00,$1.78 / 100G
Cadbury Mint Mini Rolls 5 Pack,$6.00,$1.20 / 1EA
Woolworths Carrot Cake 1.5kg,$29.00,$1.93 / 100G
Dollar Sweets Happy Birthday Silver Cake Topper Each,$3.00,$3.00 / 1EA
Mr Cake Cinnamon Crumb Cakes 8 Pack,$5.00,$2.50 / 100G
Golden Crumpets Round 6 Pack,$4.40,$0.73 / 1EA
Tip Top Raisin Fruit Bread Loaf Toast 520g,$4.50,$0.87 / 100G
Wonder White Bread Vitamins & Minerals Sandwich 700g,$4.40,$0.63 / 100G
Woolworths Banana Bread Slices 5 Pack,$6.25,$1.25 / 100G
Tip Top English Muffins Original 6 Pack,$3.00,$0.50 / 1EA
Tip Top The One White Sandwich Slice Bread Loaf 700g,$4.40,$0.63 / 100G
Wonder White Wholemeal With Iron Sandwich Slice 700g,$4.40,$0.63 / 100G
Woolworths All Butter Croissants 4 Pack,$2.85,$0.71 / 1EA
Woolworths Plantitude Vegan Belgian Dark Chocolate Cake 550g,$9.00,$1.64 / 100G
Miguel Maestre Basque Burnt Cheesecake 1kg,$25.00,$2.50 / 100G
Bbq Meat Lovers Pizza 2 Pack,$3.40,$1.70 / 1EA
Woolworths Free From Gluten Dairy Free Chocolate Cheesecake 675g,$13.00,$1.93 / 100G
Cakemark Cookies Coconut Macaroons 6 Pack 200g,$4.00,$2.00 / 100G
Woolworths Loaf Grain Farmhouse 720g,$4.50,$0.63 / 100G
Woolworths Cookies & Cream Cheesecake 800g,$11.50,$1.44 / 100G
Woolworths Fully Loaded Chocolate Brownie Cheesecake 900g,$22.00,$2.44 / 100G
Woolworths Free From Gluten Dairy Free Chocolate Cheesecake 220g,$6.50,$2.95 / 100G
Woolworths Hummingbird Loaf Cake 450g,$8.00,$1.78 / 100G
Woolworths Orange & Poppyseed Muffin 4 Pack,$4.70,$1.12 / 100G
Miguel Maestre Sticky Date Pudding 2 Pack,$12.00,$2.67 / 100G
Woolworths White Farmhouse Loaf 720g,$4.50,$0.63 / 100G
Woolworths Pain Au Chocolate 2 Pack,$3.40,$1.70 / 1EA
Woolworths Assorted Celebration Cake 1.2kg,$31.00,$2.58 / 100G
Miguel Maestre Whole Orange Syrup Cake 2 Pack,$12.00,$3.00 / 100G
Woolworths Smores Bar Slice 180g,$7.50,$4.17 / 100G
Golden Crumpets Round 6 Pack,$4.40,$0.73 / 1EA
Tip Top Raisin Fruit Bread Loaf Toast 520g,$4.50,$0.87 / 100G
Wonder White Bread Vitamins & Minerals Sandwich 700g,$4.40,$0.63 / 100G
Woolworths Banana Bread Slices 5 Pack,$6.25,$1.25 / 100G
Tip Top English Muffins Original 6 Pack,$3.00,$0.50 / 1EA
Tip Top The One White Sandwich Slice Bread Loaf 700g,$4.40,$0.63 / 100G
Wonder White Wholemeal With Iron Sandwich Slice 700g,$4.40,$0.63 / 100G
Woolworths All Butter Croissants 4 Pack,$2.85,$0.71 / 1EA
