Product Name,Price,Price per Unit
Market Value 24 Thin Beef Sausages 1.8kg,$12.00,$6.67 / 1KG
Woolworths 8 Beef Sausages 600g,$7.00,$11.67 / 1KG
Salmon Tasmanian Atlantic Fillets Skin On Per Kg,$29.00,$29.00 / 1KG
Ingham's Oven Roasted Turkey Breast Sliced From The Deli Per Kg,$30.00,$30.00 / 1KG
Woolworths 8 Beef Sausages Herb & Garlic 600g,$7.00,$11.67 / 1KG
Woolworths Beef Sizzle Schnitzel 400g,$12.00,$30.00 / 1KG
Woolworths 8 Beef Sausages Honey Flavoured 600g,$7.00,$11.67 / 1KG
Woolworths 8 Pork Sausages 600g,$7.00,$11.67 / 1KG
Woolworths Beef Rump Steak Medallion Small 300g,$12.00,$40.00 / 1KG
Ingham's Oven Roasted Turkey Breast Shaved From The Deli Per Kg,$30.00,$30.00 / 1KG
Woolworths 10 Thin Beef Sausages 600g,$7.00,$11.67 / 1KG
Salmon Tasmanian Atlantic Fillets Skinned & Boned Per Kg,$46.00,$46.00 / 1KG
Woolworths Beef Rump Steak Medium 270g - 750g,$19.60,$28.00 / 1KG
Woolworths Corned Beef Silverside 1kg - 2.1kg,$20.00,$10.00 / 1KG
Woolworths 16 Beef Chipolatas 600g,$7.00,$11.67 / 1KG
Ocean Blue Smoked Salmon 300g,$18.00,$60.00 / 1KG
Woolworths Corned Beef Shaved Per Kg,$25.00,$25.00 / 1KG
Woolworths Salmon Portions Skin On 4 Pack,$15.00,$32.61 / 1KG
Tassal Smoked Salmon 250g,$17.50,$70.00 / 1KG
Chicken Sandwich Schnitzel Each,$1.40,$1.40 / 1EA
Ocean Blue Smoked Salmon 100g,$6.90,$69.00 / 1KG
Chicken Schnitzel Crumbed Each,$3.70,$3.70 / 1EA
Ingham's Turkey Mince 500g,$6.50,$13.00 / 1KG
Woolworths Beef Rump Steak 250g,$7.00,$28.00 / 1KG
Market Value 24 Thin Beef Sausages 1.8kg,$12.00,$6.67 / 1KG
Woolworths 8 Beef Sausages 600g,$7.00,$11.67 / 1KG
Salmon Tasmanian Atlantic Fillets Skin On Per Kg,$29.00,$29.00 / 1KG
Ingham's Oven Roasted Turkey Breast Sliced From The Deli Per Kg,$30.00,$30.00 / 1KG
Woolworths 8 Beef Sausages Herb & Garlic 600g,$7.00,$11.67 / 1KG
Woolworths Beef Sizzle Schnitzel 400g,$12.00,$30.00 / 1KG
Woolworths 8 Beef Sausages Honey Flavoured 600g,$7.00,$11.67 / 1KG
Woolworths 8 Pork Sausages 600g,$7.00,$11.67 / 1KG
Woolworths Beef Rump Steak Medallion Small 300g,$12.00,$40.00 / 1KG
Ingham's Oven Roasted Turkey Breast Shaved From The Deli Per Kg,$30.00,$30.00 / 1KG
Woolworths 10 Thin Beef Sausages 600g,$7.00,$11.67 / 1KG
Salmon Tasmanian Atlantic Fillets Skinned & Boned Per Kg,$46.00,$46.00 / 1KG
Woolworths Beef Rump Steak Medium 270g - 750g,$19.60,$28.00 / 1KG
Woolworths Corned Beef Silverside 1kg - 2.1kg,$20.00,$10.00 / 1KG
Woolworths 16 Beef Chipolatas 600g,$7.00,$11.67 / 1KG
Ocean Blue Smoked Salmon 300g,$18.00,$60.00 / 1KG
Woolworths Corned Beef Shaved Per Kg,$25.00,$25.00 / 1KG
Woolworths Salmon Portions Skin On 4 Pack,$15.00,$32.61 / 1KG
Tassal Smoked Salmon 250g,$17.50,$70.00 / 1KG
Chicken Sandwich Schnitzel Each,$1.40,$1.40 / 1EA
Ocean Blue Smoked Salmon 100g,$6.90,$69.00 / 1KG
Chicken Schnitzel Crumbed Each,$3.70,$3.70 / 1EA
Ingham's Turkey Mince 500g,$6.50,$13.00 / 1KG
Woolworths Beef Rump Steak 250g,$7.00,$28.00 / 1KG
Woolworths Corned Beef Sliced From The Deli Per Kg,$25.00,$25.00 / 1KG
Tassal Atlantic Salmon Skin On 300g,$17.00,$56.67 / 1KG
Woolworths Cook Beef Pepper Steaks 300g,$8.00,$26.67 / 1KG
Tassal Atlantic Salmon Skin Off 300g,$18.00,$60.00 / 1KG
Woolworths Beef Scotch Fillet Steak Medium 250g - 650g,$27.95,$43.00 / 1KG
Chicken Thigh Fillet Per Kg,$13.50,$13.50 / 1KG
Tassal Hot Smoked Salmon Natural 150g,$13.00,$86.67 / 1KG
Woolworths 16 Pork Chipolatas 600g,$7.00,$11.67 / 1KG
Woolworths Beef Oyster Blade Steak 600g,$14.50,$24.17 / 1KG
Woolworths Beef Porterhouse Steak Medium 320g - 800g,$28.00,$40.00 / 1KG
Tassal Premium Tasmanian Smoked Salmon Slices 100g,$11.50,$115.00 / 1KG
Woolworths 8 Chicken Sausages 600g,$7.00,$11.67 / 1KG
Ocean Blue Smoked Salmon Sliced 50g,$4.90,$98.00 / 1KG
Woolworths Beef Scotch Fillet Steak Small 180g - 300g,$12.90,$43.00 / 1KG
Woolworths Salmon Portions Skin Off 4 Pack,$17.50,$38.04 / 1KG
Woolworths Frozen Salmon Fillets Skin On 250g,$7.00,$28.00 / 1KG
Macro Grass Fed Beef Rump Medallions 300g,$14.50,$48.33 / 1KG
Woolworths Homestyle Beef Rissoles 8 Pack,$8.50,$14.17 / 1KG
Woolworths Rspca Approved Chicken Breast Fillet Min. 250g,$10.00,$10.00 / 1KG
Woolworths Italian Style Fennel Pork Sausages 500g,$9.00,$18.00 / 1KG
Woolworths Classic Cumberland Pork Sausages 500g,$9.00,$18.00 / 1KG
Chicken Schnitzel Parmi Crumbed Each,$3.70,$3.70 / 1EA
Ocean Blue Smoked Salmon 180g,$12.50,$69.44 / 1KG
Tassal Smoked Salmon 150g,$15.00,$100.00 / 1KG
Woolworths 8 Beef Sausages 600g,$7.00,$11.67 / 1KG
Primo Champagne Ham Thinly Sliced 100g,$3.70,$37.00 / 1KG
Woolworths Rspca Approved Chicken Breast Fillet Min. 250g,$10.00,$10.00 / 1KG
Salmon Tasmanian Atlantic Fillets Skin On Per Kg,$29.00,$29.00 / 1KG
Primo Hungarian Salami Mild 80g,$3.70,$46.25 / 1KG
Chicken Sandwich Schnitzel Each,$1.40,$1.40 / 1EA
Mccain Pub Style Extra Crispy Chips 750g,$4.80,$6.40 / 1KG
Woolworths 8 Beef Sausages Herb & Garlic 600g,$7.00,$11.67 / 1KG
Ocean Chef Salmon Portions Skin On 1kg,$29.50,$29.50 / 1KG
Woolworths Aussie Beef Gluten Free Sausage Mince 500g,$6.00,$12.00 / 1KG
Woolworths Beef Eye Fillet Steak 200g - 500g,$23.40,$52.00 / 1KG
Woolworths Beef & Lamb Meatballs 400g,$8.00,$20.00 / 1KG
Woolworths Fetta & Spinach Chicken Sausages 500g,$9.00,$18.00 / 1KG
Superior Gold Salmon Smoked 180g,$18.00,$100.00 / 1KG
Woolworths Chicken Bulk Schnitzels 1.5kg,$15.50,$10.33 / 1KG
Woolworths Chicken Schnitzels 600g,$10.50,$17.50 / 1KG
D'orsogna Middle Bacon Per Kg,$12.00,$12.00 / 1KG
Just Caught Atlantic Salmon Skinless 1kg,$29.00,$29.00 / 1KG
Peppercorn Beef Sausages Extra Lean 450g,$10.00,$22.22 / 1KG
Beef Chuck Steak Medium 300g - 700g,$12.60,$18.00 / 1KG
Woolworths Beef Porterhouse Steak & Butter 400g,$18.00,$45.00 / 1KG
Woolworths Beef T Bone Steak Medium 250g - 700g,$16.50,$30.00 / 1KG
Champagne Leg Ham Shaved From The Deli Per Kg,$22.00,$22.00 / 1KG
Tassal Hot Smoked Salmon Peppercorn 150g,$13.00,$86.67 / 1KG
Woolworths Cook Marinated Lamb Steaks With Thyme Pepper & Garlic 270g,$8.50,$31.48 / 1KG
Clearly Premium Smoked Salmon 500g,$31.00,$62.00 / 1KG
Woolworths Pork Sizzle Steak 400g,$8.00,$20.00 / 1KG
Woolworths Beef Mince 1kg,$12.00,$12.00 / 1KG
Macro Chicken Tenderloins Free Range 450g - 650g,$13.00,$20.00 / 1KG
Woolworths Lamb Leg Steak 270g,$8.50,$31.48 / 1KG
Woolworths Thawed Squid Tubes Per Kg,$21.00,$21.00 / 1KG
Woolworths 8 Beef Sausages 600g,$7.00,$11.67 / 1KG
Primo Champagne Ham Thinly Sliced 100g,$3.70,$37.00 / 1KG
Woolworths Rspca Approved Chicken Breast Fillet Min. 250g,$10.00,$10.00 / 1KG
Salmon Tasmanian Atlantic Fillets Skin On Per Kg,$29.00,$29.00 / 1KG
Primo Hungarian Salami Mild 80g,$3.70,$46.25 / 1KG
Chicken Sandwich Schnitzel Each,$1.40,$1.40 / 1EA
Mccain Pub Style Extra Crispy Chips 750g,$4.80,$6.40 / 1KG
Woolworths 8 Beef Sausages Herb & Garlic 600g,$7.00,$11.67 / 1KG
Fitzco Aussie Country Style Burgers Style Burger 9 Pack,$6.20,$12.40 / 1KG
Woolworths Heart Smart Extra Lean Beef Mince 500g,$10.50,$21.00 / 1KG
Woolworths Beef Scotch Fillet Steak Steak 300g,$15.00,$50.00 / 1KG
Thawed Marinara Mix Per Kg,$14.00,$14.00 / 1KG
Peppercorn Beef Burger Extra Lean 500g,$10.00,$20.00 / 1KG
Primo Speck Portion Min. 380g,$11.02,$29.00 / 1KG
Woolworths Lamb Leg Steak 540g,$16.00,$29.63 / 1KG
Don Cocktail Frankfurts From The Deli Per Kg,$9.00,$9.00 / 1KG
Woolworths Chicken Schnitzels Garlic & Herb 600g,$10.50,$17.50 / 1KG
Woolworths Salmon Portions Skin On 2 Pack,$12.00,$42.86 / 1KG
D'orsogna Ham Leg Triple Smoked 97% Fat Free Shaved 1kg,$22.50,$22.50 / 1KG
Woolworths Cook Pork Steaks With Sweet & Smokey Bbq Glaze 250g,$8.00,$32.00 / 1KG
Gourmet Seafood Salad Chilled Premium Gourmet Per Kg,$19.50,$19.50 / 1KG
Woolworths Beef Porterhouse Steak Thick Cut 300g,$15.50,$51.67 / 1KG
Woolworths Hot Smoked Salmon Natural 150g,$8.00,$53.33 / 1KG
Woolworths Angus Beef Burgers Sea Salt & Pepper 450g,$9.00,$20.00 / 1KG
Woolworths Hot Smoked Salmon Pepper 150g,$8.00,$53.33 / 1KG
Birch & Waite Rich Tartare Seafood Sauce 250ml,$5.25,$2.10 / 100ML
Ingham's Turkey Breast Strips 400g,$8.50,$21.25 / 1KG
Woolworths Beef Stir Fry 500g,$12.00,$24.00 / 1KG
D'orsogna Plain Streaky Bacon From The Deli Per Kg,$18.00,$18.00 / 1KG
Woolworths 8 Beef Sausages 600g,$7.00,$11.67 / 1KG
Primo Champagne Ham Thinly Sliced 100g,$3.70,$37.00 / 1KG
Woolworths Rspca Approved Chicken Breast Fillet Min. 250g,$10.00,$10.00 / 1KG
Salmon Tasmanian Atlantic Fillets Skin On Per Kg,$29.00,$29.00 / 1KG
Primo Hungarian Salami Mild 80g,$3.70,$46.25 / 1KG
Chicken Sandwich Schnitzel Each,$1.40,$1.40 / 1EA
Mccain Pub Style Extra Crispy Chips 750g,$4.80,$6.40 / 1KG
Woolworths 8 Beef Sausages Herb & Garlic 600g,$7.00,$11.67 / 1KG
Woolworths Salmon Portions Skin Off 2 Pack,$13.00,$46.43 / 1KG
Ingham's Turkey Breast Steaks 400g,$10.00,$25.00 / 1KG
Woolworths Bbq Classic Beef Burger 4 Pack,$8.50,$17.00 / 1KG
Clearly Premium Smoked Salmon 100g,$9.00,$90.00 / 1KG
Woolworths Pork Shoulder Roast Boneless 1.3kg - 2.8kg,$22.40,$8.00 / 1KG
Tassal Salmon Mustard & Dill 300g,$18.00,$60.00 / 1KG
Woolworths Lean Beef Mince 1kg,$16.00,$16.00 / 1KG
Ingham's Turkey Breast Mince 400g,$10.00,$25.00 / 1KG
Chicken Legs Drumsticks Per Kg,$4.00,$4.00 / 1KG
Woolworths 16 Chicken Chipolatas 600g,$7.00,$11.67 / 1KG
Woolworths Loin Steaks Pork 500g,$10.00,$20.00 / 1KG
Woolworths Lamb Leg Roast Half 750g - 1.6kg,$19.20,$12.00 / 1KG
Woolworths 6 Beef Sausage With Roasted Garlic & Parsley 500g,$8.00,$16.00 / 1KG
Woolworths Beef Mince 500g,$7.00,$14.00 / 1KG
Moira Mac's Oven Roasted Chicken Breast Shredded From The Deli Per Kg,$27.50,$27.50 / 1KG
Woolworths Lean Beef Mince 500g,$9.50,$19.00 / 1KG
Don Thin Frankfurts From The Deli Per Kg,$9.00,$9.00 / 1KG
Primo Kransky Cheese From The Deli Per Kg,$21.60,$21.60 / 1KG
Clearly Premium Smoked Ocean Trout 500g,$31.00,$62.00 / 1KG
Woolworths Heart Smart Veal Schnitzel 290g - 500g,$17.50,$35.00 / 1KG
Woolworths Chicken Kyiv Garlic Each,$3.00,$3.00 / 1EA
Woolworths Pork Leg Roast Boneless 1.2kg - 2.6kg,$28.60,$11.00 / 1KG
Woolworths 8 Beef Sausages 600g,$7.00,$11.67 / 1KG
Primo Champagne Ham Thinly Sliced 100g,$3.70,$37.00 / 1KG
Woolworths Rspca Approved Chicken Breast Fillet Min. 250g,$10.00,$10.00 / 1KG
Salmon Tasmanian Atlantic Fillets Skin On Per Kg,$29.00,$29.00 / 1KG
Primo Hungarian Salami Mild 80g,$3.70,$46.25 / 1KG
Chicken Sandwich Schnitzel Each,$1.40,$1.40 / 1EA
Mccain Pub Style Extra Crispy Chips 750g,$4.80,$6.40 / 1KG
Woolworths 8 Beef Sausages Herb & Garlic 600g,$7.00,$11.67 / 1KG
Woolworths 8 Beef Sausages 600g,$7.00,$11.67 / 1KG
Primo Champagne Ham Thinly Sliced 100g,$3.70,$37.00 / 1KG
Woolworths Rspca Approved Chicken Breast Fillet Min. 250g,$10.00,$10.00 / 1KG
Salmon Tasmanian Atlantic Fillets Skin On Per Kg,$29.00,$29.00 / 1KG
Primo Hungarian Salami Mild 80g,$3.70,$46.25 / 1KG
Chicken Sandwich Schnitzel Each,$1.40,$1.40 / 1EA
Mccain Pub Style Extra Crispy Chips 750g,$4.80,$6.40 / 1KG
Woolworths 8 Beef Sausages Herb & Garlic 600g,$7.00,$11.67 / 1KG
Woolworths Shortcut Bacon 500g,$8.00,$16.00 / 1KG
Lamb Shanks 500g - 950g,$11.40,$12.00 / 1KG
Deli Leg Ham Shaved From The Deli Per Kg,$18.00,$18.00 / 1KG
Ocean Chef Squid Salt & Pepper 360g,$6.00,$16.67 / 1KG
Woolworths Corned Beef Silverside Portion 500g - 1.1kg,$22.00,$20.00 / 1KG
Hans Devon Sliced Per Kg,$9.60,$9.60 / 1KG
Woolworths Lamb Mince 500g,$7.50,$15.00 / 1KG
Macro Grass Fed Beef Sausage 500g,$9.00,$18.00 / 1KG
D'orsogna Diced Bacon Per Kg,$16.00,$16.00 / 1KG
Macro Chicken Breast Fillets Free Range 800g - 1.1kg,$16.50,$15.00 / 1KG
Ocean Chef Squid Rings Panko 360g,$6.00,$16.67 / 1KG
Ocean Blue Ocean Trout Smoked 100g,$8.50,$85.00 / 1KG
Chicken Thigh Cutlets Skin On Per Kg,$7.00,$7.00 / 1KG
Bertocchi Premium Boneless Leg Ham Shaved From The Deli Per Kg,$29.50,$29.50 / 1KG
Woolworths Rspca Approved Chicken Breast Schnitzels 500g,$10.50,$21.00 / 1KG
Woolworths Green Banana Prawns Large Thawed Per Kg,$26.00,$26.00 / 1KG
Woolworths Pork & Beef Mince 500g,$6.50,$13.00 / 1KG
D'orsogna Maple Glazed Streaky Bacon From The Deli Per Kg,$18.00,$18.00 / 1KG
Woolworths Cook Roast Beef With Onion & Garlic Gravy 500g,$13.00,$26.00 / 1KG
Don Shredded Ham Per Kg,$20.00,$20.00 / 1KG
Woolworths 8 Beef Sausages 600g,$7.00,$11.67 / 1KG
Primo Champagne Ham Thinly Sliced 100g,$3.70,$37.00 / 1KG
Woolworths Rspca Approved Chicken Breast Fillet Min. 250g,$10.00,$10.00 / 1KG
Salmon Tasmanian Atlantic Fillets Skin On Per Kg,$29.00,$29.00 / 1KG
Primo Hungarian Salami Mild 80g,$3.70,$46.25 / 1KG
Chicken Sandwich Schnitzel Each,$1.40,$1.40 / 1EA
Mccain Pub Style Extra Crispy Chips 750g,$4.80,$6.40 / 1KG
Woolworths 8 Beef Sausages Herb & Garlic 600g,$7.00,$11.67 / 1KG
Macro Free Range Chicken Breast Schnitzel 500g,$10.50,$21.00 / 1KG
Woolworths Freshwater Basa Fillets Thawed Per Kg,$11.00,$11.00 / 1KG
Woolworths 6 Chicken Sausage With Roasted Garlic & Thyme 500g,$8.00,$16.00 / 1KG
Macro Chicken Thigh Fillets Free Range 480g - 550g,$10.18,$18.50 / 1KG
Woolworths Cook Chicken Breast Steaks Lemon & Pepper 500g,$10.50,$21.00 / 1KG
Macro Free Range Chicken Schnitzel 350g,$8.50,$2.43 / 100G
Ocean King Smoked Salmon 100g,$5.40,$54.00 / 1KG
Woolworths Thawed Extra Large Cooked Tiger Prawns Per Kg,$36.00,$36.00 / 1KG
Woolworths Chicken Mince 500g,$5.50,$11.00 / 1KG
Woolworths Shortcut Bacon 1kg,$12.00,$12.00 / 1KG
Noel Smoked Spanish Jamon Serrano Freshly Sliced From The Deli Per Kg,$50.00,$50.00 / 1KG
Chicken Wings Honey Soy Per Kg,$9.00,$9.00 / 1KG
Woolworths Pork Mince 800g,$7.00,$8.75 / 1KG
Woolworths Short Cut Bacon 200g,$4.30,$21.50 / 1KG
Woolworths Vannamei Prawns Small Cooked Thawed Per Kg,$20.00,$20.00 / 1KG
Ingham's Chicken Sliced Roll Per Kg,$15.00,$15.00 / 1KG
Birch & Waite Seafood Sauce Creamy Cocktail 250ml,$5.25,$2.10 / 100ML
Macro Whole Chicken Free Range 1.15kg - 2.25kg,$14.63,$6.50 / 1KG
Woolworths Cook Chicken Breast Steaks Sweet Soy Bbq 500g,$10.50,$21.00 / 1KG
Just Caught Frozen Natural Squid Rings 500g,$8.70,$17.40 / 1KG
Bertocchi Double Smoked Ham Off The Bone Freshly Shaved From The Deli Per Kg,$34.00,$34.00 / 1KG
Woolworths 8 Beef Sausages 600g,$7.00,$11.67 / 1KG
Primo Champagne Ham Thinly Sliced 100g,$3.70,$37.00 / 1KG
Woolworths Rspca Approved Chicken Breast Fillet Min. 250g,$10.00,$10.00 / 1KG
Salmon Tasmanian Atlantic Fillets Skin On Per Kg,$29.00,$29.00 / 1KG
Primo Hungarian Salami Mild 80g,$3.70,$46.25 / 1KG
Chicken Sandwich Schnitzel Each,$1.40,$1.40 / 1EA
Mccain Pub Style Extra Crispy Chips 750g,$4.80,$6.40 / 1KG
Woolworths 8 Beef Sausages Herb & Garlic 600g,$7.00,$11.67 / 1KG
D'orsogna Premium Ham Off The Bone Shaved From The Deli Per Kg,$29.00,$29.00 / 1KG
Ocean Chef Usa Sea Scallops 425g,$26.50,$62.35 / 1KG
Woolworths Diced Beef Heart Smart 500g,$11.00,$22.00 / 1KG
Woolworths Barramundi Thawed Fillets Per Kg,$19.00,$19.00 / 1KG
The British Sausage Co British Thick Pork Sausage 500g,$8.50,$17.00 / 1KG
"Woolworths Pork, Apple And Tasmanian Cider Sausages 500g",$9.00,$18.00 / 1KG
Just Caught Peeled & Deveined Raw Prawns 1kg,$28.00,$28.00 / 1KG
Woolworths Southern Style Buttermilk Chicken Thigh Fillet Burgers 350g,$9.00,$25.71 / 1KG
Macro Chicken Wing Nibbles Free Range 600g - 800g,$7.20,$9.00 / 1KG
Lamb Leg Roast 1.8kg - 2.8kg,$33.60,$12.00 / 1KG
Woolworths Roasted Garlic Chicken Tenderloins 400g,$9.50,$23.75 / 1KG
Woolworths Rspca Approved Chicken Breast Fillet 1.5kg - 1.7kg,$18.70,$11.00 / 1KG
Green King Prawns Large Thawed Per Kg,$29.00,$29.00 / 1KG
Woolworths Rspca Approved Fresh Chicken Thigh Fillets Skinless Tray 1.3kg - 2kg,$27.00,$13.50 / 1KG
Woolworths Lamb Easy Carve Leg Roast 900g - 1.4kg,$25.20,$18.00 / 1KG
From The Deli Beretta Italian Prosciutto Di Parma Freshly Sliced Per Kg,$60.00,$60.00 / 1KG
Raw Prawns Tiger Extra Large Per Kg,$29.00,$29.00 / 1KG
Woolworths Smoked Mussels In Oil 85g,$1.70,$20.00 / 1KG
Hans Pork Ham Steaks 300g,$4.50,$15.00 / 1KG
Woolworths 8 Beef Sausages 600g,$7.00,$11.67 / 1KG
Primo Champagne Ham Thinly Sliced 100g,$3.70,$37.00 / 1KG
Woolworths Rspca Approved Chicken Breast Fillet Min. 250g,$10.00,$10.00 / 1KG
Salmon Tasmanian Atlantic Fillets Skin On Per Kg,$29.00,$29.00 / 1KG
Primo Hungarian Salami Mild 80g,$3.70,$46.25 / 1KG
Chicken Sandwich Schnitzel Each,$1.40,$1.40 / 1EA
Mccain Pub Style Extra Crispy Chips 750g,$4.80,$6.40 / 1KG
Woolworths 8 Beef Sausages Herb & Garlic 600g,$7.00,$11.67 / 1KG
Birch & Waite Parsley Dill & Tarragon Seafood Sauce 250ml,$5.25,$2.10 / 100ML
Woolworths Cook Beef Rump Mini Roast With Mustard & Herbs 350g - 650g,$18.85,$29.00 / 1KG
Woolworths Pork Ribs 600g - 1.3kg,$26.00,$20.00 / 1KG
Ocean Blue Smoked Ocean Trout Sliced 50g,$4.90,$98.00 / 1KG
Woolworths Premium Roast Beef 97% Fat Free Sliced From The Deli Per Kg,$35.00,$35.00 / 1KG
Chicken Necks Fresh Per Kg,$5.00,$5.00 / 1KG
Woolworths Rspca Approved Chicken Tenderloins 600g,$10.00,$16.67 / 1KG
Woolworths Bbq Chicken Burgers Zucchini & Parmesan 450g,$9.00,$20.00 / 1KG
Woolworths Cook Chicken Kebab Honey Soy 750g,$11.50,$15.33 / 1KG
Macro Grass Fed Australian Beef Mince 500g,$10.00,$20.00 / 1KG
Woolworths Beef Bolar Blade Roast 1kg - 1.9kg,$28.50,$15.00 / 1KG
Just Caught Whiting Fillets Skin On 1kg,$12.00,$12.00 / 1KG
K-roo Kangaroo Sizzle Steak 400g,$10.50,$26.25 / 1KG
"Woolworths Chicken Sausages With Sundried Tomato, Mozzarella & Parsley 500g",$9.00,$18.00 / 1KG
Woolworths Bbq Chicken Breast Steaks With A Honey Mustard Marinade 500g,$10.50,$21.00 / 1KG
Woolworths Chicken Breast Fillet Skinless Small 500g - 650g,$9.10,$14.00 / 1KG
Macro Grass Fed Beef Mince Lean 500g,$11.00,$22.00 / 1KG
Woolworths Middle Bacon 1kg,$12.00,$12.00 / 1KG
Woolworths Australian Rare Roast Beef Sliced From The Deli Per Kg,$38.00,$38.00 / 1KG
Woolworths Rspca Approved Diced Breast 1kg,$15.50,$15.50 / 1KG
Woolworths Hickory Smoked Infused Beef Sausages 500g,$8.00,$16.00 / 1KG
Woolworths Bbq Wagyu & Beef Chuck Burgers With Onion & Pepper 500g,$10.00,$20.00 / 1KG
Tassal Salmon For Cooking 200g,$10.00,$50.00 / 1KG
Woolworths 8 Beef Sausages 600g,$7.00,$11.67 / 1KG
Primo Champagne Ham Thinly Sliced 100g,$3.70,$37.00 / 1KG
Woolworths Rspca Approved Chicken Breast Fillet Min. 250g,$10.00,$10.00 / 1KG
Salmon Tasmanian Atlantic Fillets Skin On Per Kg,$29.00,$29.00 / 1KG
Primo Hungarian Salami Mild 80g,$3.70,$46.25 / 1KG
Chicken Sandwich Schnitzel Each,$1.40,$1.40 / 1EA
Mccain Pub Style Extra Crispy Chips 750g,$4.80,$6.40 / 1KG
Woolworths 8 Beef Sausages Herb & Garlic 600g,$7.00,$11.67 / 1KG
Woolworths Lamb Shoulder Roast 1.1kg - 1.7kg,$23.80,$14.00 / 1KG
Tassal Tassie Salmon Burgers 4 Pack,$13.00,$32.50 / 1KG
Thawed Marinated Garlic Prawn Per Kg,$33.00,$33.00 / 1KG
Macro Grass Fed Beef Sizzle Steaks 275g,$10.00,$36.36 / 1KG
Just Caught Raw Prawn Meat 300g,$10.00,$33.33 / 1KG
Ocean Chef Fish King Snapper Portions 1kg,$30.00,$30.00 / 1KG
D'orsogna Bacon Streaky 200g,$7.00,$35.00 / 1KG
Macro Grass Fed Beef Burger 500g,$9.00,$18.00 / 1KG
Ingham's Chicken Breast Supreme Shaved From The Deli Per Kg,$22.50,$22.50 / 1KG
Woolworths Stuffed Boneless Chicken Kyiv 700g,$9.00,$12.86 / 1KG
Holland House Rollmops Marinated 500g,$6.00,$12.00 / 1KG
Ingham's Turkey Breast Portion 400g,$10.00,$25.00 / 1KG
Woolworths Applewood Smoke Infused Pork Sausages 500g,$8.00,$16.00 / 1KG
Woolworths Frozen Basa Fillets 1kg,$8.00,$8.00 / 1KG
Ingham's Classic Turkey Breast Oven Roasted 800g,$22.50,$28.13 / 1KG
Woolworths Cook Boneless Chicken With Sweet Roasted Pumpkin Stuffing 500g - 600g,$10.80,$18.00 / 1KG
D'orsogna Shortcut Bacon 1kg,$13.00,$13.00 / 1KG
Woolworths Sweet & Smokey Bbq Chicken Wings Per Kg,$9.00,$9.00 / 1KG
Woolworths Lamb Strips Souvlaki Style 300g,$9.00,$30.00 / 1KG
Woolworths Middle Bacon 250g,$4.30,$17.20 / 1KG
De Costi Whiting Fillets Crumbed 275g,$11.00,$40.00 / 1KG
Woolworths Diced Beef Casserole 500g,$11.00,$22.00 / 1KG
Woolworths Fresh Skin On Barramundi Fillets Per Kg,$30.00,$30.00 / 1KG
Woolworths 8 Beef Sausages 600g,$7.00,$11.67 / 1KG
Primo Champagne Ham Thinly Sliced 100g,$3.70,$37.00 / 1KG
Woolworths Rspca Approved Chicken Breast Fillet Min. 250g,$10.00,$10.00 / 1KG
Salmon Tasmanian Atlantic Fillets Skin On Per Kg,$29.00,$29.00 / 1KG
Primo Hungarian Salami Mild 80g,$3.70,$46.25 / 1KG
Chicken Sandwich Schnitzel Each,$1.40,$1.40 / 1EA
Mccain Pub Style Extra Crispy Chips 750g,$4.80,$6.40 / 1KG
Woolworths 8 Beef Sausages Herb & Garlic 600g,$7.00,$11.67 / 1KG
Ingham's Chicken Breast Supreme Sliced From The Deli Per Kg,$22.50,$22.50 / 1KG
Woolworths Chicken Meatballs 400g,$7.50,$18.75 / 1KG
Moira Mac's Marinated Bbq Chicken Breast Sliced Per Kg,$27.50,$27.50 / 1KG
Tassal Smoked Tassie Salmon 50g X 2 Pack,$10.50,$105.00 / 1KG
Woolworths Fresh Skin Off Barramundi Fillets Per Kg,$36.00,$36.00 / 1KG
Woolworths Beef Scotch Fillet Thin Slice 450g - 750g,$32.25,$43.00 / 1KG
Woolworths Scotch Fillet Pork 600g,$10.00,$16.67 / 1KG
Woolworths Chicken Tenders 400g,$8.00,$20.00 / 1KG
Steggles Crumbed Chicken Breast Fingers 360g,$5.00,$13.89 / 1KG
Woolworths Pork Loin Roast Boneless Small 1.2kg - 2kg,$28.00,$14.00 / 1KG
Woolworths Beef Lasagne 2kg,$13.30,$6.65 / 1KG
Woolworths Smoked Fillets Cod Per Kg,$14.00,$14.00 / 1KG
Ocean King Smoked Ocean Trout 100g,$5.40,$54.00 / 1KG
Ingham's Turkey Mignon Wrapped In Bacon With Garlic Butter 400g,$11.00,$27.50 / 1KG
Woolworths Chicken Thigh Skinless Fillets Small 500g - 650g,$10.73,$16.50 / 1KG
Woolworths Bbq Beef Kebabs Mild 450g,$8.50,$18.89 / 1KG
Ocean Chef Tuna Yellowfin Tuna Steaks 1kg,$27.00,$27.00 / 1KG
Woolworths Premium Roast Beef 97% Fat Free Shaved From The Deli Per Kg,$35.00,$35.00 / 1KG
D'orsogna Streaky Bacon 500g,$12.50,$25.00 / 1KG
Woolworths Lamb Midloins 3 - 6 Pieces 450g - 800g,$22.40,$28.00 / 1KG
Woolworths 8 Beef Sausages 600g,$7.00,$11.67 / 1KG
Primo Champagne Ham Thinly Sliced 100g,$3.70,$37.00 / 1KG
Woolworths Rspca Approved Chicken Breast Fillet Min. 250g,$10.00,$10.00 / 1KG
Salmon Tasmanian Atlantic Fillets Skin On Per Kg,$29.00,$29.00 / 1KG
Primo Hungarian Salami Mild 80g,$3.70,$46.25 / 1KG
Chicken Sandwich Schnitzel Each,$1.40,$1.40 / 1EA
Mccain Pub Style Extra Crispy Chips 750g,$4.80,$6.40 / 1KG
Woolworths 8 Beef Sausages Herb & Garlic 600g,$7.00,$11.67 / 1KG
Woolworths Rspca Approved Chicken Kebab Honey Soy Each,$1.30,$1.30 / 1EA
Woolworths Cook Butterflied Lamb Leg With Garlic & Herbs 750g - 1.4kg,$33.60,$24.00 / 1KG
Woolworths Bbq Pork Ribs With Kansas Style Bbq Sauce 700g,$15.00,$21.43 / 1KG
Primo Bacon Short Cut Rindless 175g,$5.25,$30.00 / 1KG
Thawed Imported Raw Prawns Per Kg,$30.00,$30.00 / 1KG
Woolworths Angus Beef & Caramelised Onion Sausages 450g,$9.00,$20.00 / 1KG
Woolworths Rspca Approved Diced Chicken Leg Fillet 500g,$9.50,$19.00 / 1KG
Woolworths Pork Loin Chop Medium 200g - 600g,$11.40,$19.00 / 1KG
Woolworths Smoked Beef Pastrami Freshly Sliced From The Deli Per Kg,$31.00,$31.00 / 1KG
Woolworths Cook Boneless Butterflied Chicken Greek Style 950g - 1.25kg,$13.75,$11.00 / 1KG
Macro Grass Fed Australian Stir-fry Beef 500g,$13.00,$26.00 / 1KG
Macro Chicken Mince Free Range 500g,$10.50,$21.00 / 1KG
Woolworths Lamb Forequarter Chops 4 - 6 Pieces 800g - 1.3kg,$24.70,$19.00 / 1KG
Woolworths Beef Breakfast Burger Patties 4 Pack,$7.00,$23.33 / 1KG
Steggles Whole Chicken 1.7kg - 2.4kg,$13.20,$5.50 / 1KG
Moira Mac's Classic Roasted Chicken Breast 350g,$7.95,$22.71 / 1KG
Macro Free Range Chicken Stir Fry 500g,$12.00,$24.00 / 1KG
Macro Chicken Drumsticks Free Range 900g - 1.1kg,$7.15,$6.50 / 1KG
Woolworths Beef Short Ribs 800g - 1.1kg,$25.85,$23.50 / 1KG
Woolworths Heart Smart Extra Lean Pork Mince 500g,$7.00,$14.00 / 1KG
K-roo Kangaroo Mince 1kg,$14.00,$14.00 / 1KG
Woolworths 8 Beef Sausages 600g,$7.00,$11.67 / 1KG
Primo Champagne Ham Thinly Sliced 100g,$3.70,$37.00 / 1KG
Woolworths Rspca Approved Chicken Breast Fillet Min. 250g,$10.00,$10.00 / 1KG
Salmon Tasmanian Atlantic Fillets Skin On Per Kg,$29.00,$29.00 / 1KG
Primo Hungarian Salami Mild 80g,$3.70,$46.25 / 1KG
Chicken Sandwich Schnitzel Each,$1.40,$1.40 / 1EA
Mccain Pub Style Extra Crispy Chips 750g,$4.80,$6.40 / 1KG
Woolworths 8 Beef Sausages Herb & Garlic 600g,$7.00,$11.67 / 1KG
Woolworths Rspca Approved Chicken Mignon Each,$3.80,$3.80 / 1EA
Woolworths Chicken Thigh Skinless Cutlets Bone-in 500g - 650g,$6.18,$9.50 / 1KG
Cleaver's Organic Beef Hot Dogs 275g,$10.50,$38.18 / 1KG
Diced Lamb 450g,$13.00,$28.89 / 1KG
Bertocchi Gold Long Rindless Bacon 400g,$10.00,$25.00 / 1KG
Woolworths Lamb Cutlets 6 - 10 Pieces 500g - 900g,$38.70,$43.00 / 1KG
Woolworths Crumbed Prawn Cutlets 500g,$9.00,$18.00 / 1KG
Woolworths Cook Chicken Kebab Sweet Smokey Bbq 375g,$8.00,$21.33 / 1KG
Moira Mac's Portuguese Roasted Chicken Breast 350g,$7.95,$22.71 / 1KG
Woolworths Pork Medallion 250g,$8.00,$32.00 / 1KG
Woolworths Classic Beef Sausage Roll 460g,$8.00,$17.39 / 1KG
Woolworths Cook Chicken Roasting Portions Italian Style 1.5kg - 2kg,$12.00,$6.00 / 1KG
Essentials Cooking Bacon 1kg,$9.50,$9.50 / 1KG
Bertocchi Smoked Pork Bones Per Kg,$9.00,$9.00 / 1KG
Woolworths Cook Lamb Shanks With Red Wine & Rosemary 850g - 1.25kg,$20.63,$16.50 / 1KG
Woolworths Nile Perch Thawed Fillets Per Kg,$17.00,$17.00 / 1KG
Woolworths Cook Slow Cooked Beef Brisket 700g,$15.50,$22.14 / 1KG
Woolworths Crumbed Chicken Burgers 440g,$6.50,$14.77 / 1KG
Portion Ling Skinned & Boned Thawed Per Kg,$21.00,$21.00 / 1KG
Woolworths Cook Chicken Roasting Portions With Mild Smoked Paprika 600g - 1.2kg,$9.60,$8.00 / 1KG
Woolworths Pork Rashers 350g- 800g,$16.80,$21.00 / 1KG
Woolworths 8 Beef Sausages 600g,$7.00,$11.67 / 1KG
Primo Champagne Ham Thinly Sliced 100g,$3.70,$37.00 / 1KG
Woolworths Rspca Approved Chicken Breast Fillet Min. 250g,$10.00,$10.00 / 1KG
Salmon Tasmanian Atlantic Fillets Skin On Per Kg,$29.00,$29.00 / 1KG
Primo Hungarian Salami Mild 80g,$3.70,$46.25 / 1KG
Chicken Sandwich Schnitzel Each,$1.40,$1.40 / 1EA
Mccain Pub Style Extra Crispy Chips 750g,$4.80,$6.40 / 1KG
Woolworths 8 Beef Sausages Herb & Garlic 600g,$7.00,$11.67 / 1KG
Fresh Otto Wurth Frank German Style Per Kg,$17.90,$17.90 / 1KG
Woolworths Fresh Whole Rainbow Trout Per Kg,$22.00,$22.00 / 1KG
Woolworths Chinese Bbq Pork From The Deli Per Kg,$31.00,$31.00 / 1KG
Woolworths Slow Cooked Pork Shoulder With Bbq Sauce 560g,$10.00,$17.86 / 1KG
Game Farm Spatchcock Whole 350g - 690g,$12.77,$18.50 / 1KG
Woolworths Chicken Drumsticks Bulk 1.1kg - 1.7kg,$7.65,$4.50 / 1KG
Macro Free Range Chicken Breast Tenders 400g,$11.00,$27.50 / 1KG
Don Bacon Pan Size Rindless 200g,$5.80,$29.00 / 1KG
Woolworths Pork Fillet Heart Smart 250g - 600g,$12.60,$21.00 / 1KG
Bertocchi Mortadella Plain Shaved From The Deli Per Kg,$11.80,$11.80 / 1KG
Bertocchi Smoked Pork Meaty Hock 700g - 1kg,$10.00,$10.00 / 1KG
Woolworths Rspca Approved Chicken Kebab Satay Each,$1.30,$1.30 / 1EA
Woolworths Cooked Thawed Small Rock Lobster Each,$18.00,$18.00 / 1EA
Safcol Tapas Chilean Mussels In Spanish Escabeche Style Sauce 105g,$3.00,$28.57 / 1KG
D'orsogna Maple Glazed Streaky Bacon 200g,$7.00,$35.00 / 1KG
Woolworths Lamb Midloins 6 - 9 Pieces 650g - 1.1kg,$30.80,$28.00 / 1KG
Primo Rindless Middle Bacon 250g,$5.25,$21.00 / 1KG
Woolworths Boneless Chicken Kyiv With Creamy Cheese & Ham Filling 700g,$9.00,$12.86 / 1KG
Woolworths Gravy Beef Slow Cook 400g - 750g,$14.25,$19.00 / 1KG
British English Breakfast Chipolatas 500g,$8.50,$17.00 / 1KG
Woolworths Fresh Cooked Crystal Bay Banana Prawns Medium Per Kg,$32.00,$32.00 / 1KG
Macro Organic Lean Beef Mince 500g,$12.50,$25.00 / 1KG
Chicken Kebab Smokey Bbq Each,$1.30,$1.30 / 1EA
K-roo Kangaroo Diced 500g,$9.50,$19.00 / 1KG
Woolworths 8 Beef Sausages 600g,$7.00,$11.67 / 1KG
Primo Champagne Ham Thinly Sliced 100g,$3.70,$37.00 / 1KG
Woolworths Rspca Approved Chicken Breast Fillet Min. 250g,$10.00,$10.00 / 1KG
Salmon Tasmanian Atlantic Fillets Skin On Per Kg,$29.00,$29.00 / 1KG
Primo Hungarian Salami Mild 80g,$3.70,$46.25 / 1KG
Chicken Sandwich Schnitzel Each,$1.40,$1.40 / 1EA
Mccain Pub Style Extra Crispy Chips 750g,$4.80,$6.40 / 1KG
Woolworths 8 Beef Sausages Herb & Garlic 600g,$7.00,$11.67 / 1KG
Woolworths Rspca Approved Chicken Hearts 500g,$3.75,$7.50 / 1KG
Safcol Tapas Chilean Mussels In Spanish Galician Style Sauce 105g,$3.00,$28.57 / 1KG
Woolworths Cook Chicken Kebab Satay 375g,$8.00,$21.33 / 1KG
Just Caught Cooked Prawns Tail On 300g,$10.00,$33.33 / 1KG
Woolworths Wings Chicken Boomerang 1.1kg - 1.7kg,$14.45,$8.50 / 1KG
Bertocchi Mortadella Green Olives Sliced From The Deli Per Kg,$11.80,$11.80 / 1KG
De Costi Cooked Prawns Peeled With Cocktail Sauce 260g,$12.50,$48.08 / 1KG
Woolworths Rspca Approved Chicken Maryland Supreme 600g - 950g,$7.60,$8.00 / 1KG
Woolworths Chicken Bulk Burgers 1.5kg,$16.00,$10.67 / 1KG
Woolworths Thawed Lobster Tails Each,$12.00,$12.00 / 1EA
K-roo Kangaroo Steak 500g - 600g,$15.00,$25.00 / 1KG
Woolworths Shortcut Australian Bacon 200g,$5.50,$27.50 / 1KG
Woolworths Chicken Kyiv Bites With Creamy Garlic Filling 400g,$8.50,$21.25 / 1KG
Macro Grass Fed Beef Chuck Steak 380g - 800g,$19.20,$24.00 / 1KG
Chicken Maryland Supreme Min. 250g,$8.00,$8.00 / 1KG
Macro Free Range Lean Pork Mince 500g,$8.00,$16.00 / 1KG
K-roo Kangaroo Sausages Kanga Bangas Bush Tomato 500g,$7.00,$14.00 / 1KG
Don Bacon Pansize Double Smoked 200g,$5.80,$29.00 / 1KG
Woolworths Cook Chicken Kebabs Hoisin 375g,$8.00,$21.33 / 1KG
K-roo Kangaroo Burger 440g,$7.00,$15.91 / 1KG
Woolworths Cook Boneless Butterflied Spiced Mango Glaze Chicken 850g - 1.25kg,$13.75,$11.00 / 1KG
Woolworths 8 Beef Sausages 600g,$7.00,$11.67 / 1KG
Primo Champagne Ham Thinly Sliced 100g,$3.70,$37.00 / 1KG
Woolworths Rspca Approved Chicken Breast Fillet Min. 250g,$10.00,$10.00 / 1KG
Salmon Tasmanian Atlantic Fillets Skin On Per Kg,$29.00,$29.00 / 1KG
Primo Hungarian Salami Mild 80g,$3.70,$46.25 / 1KG
Chicken Sandwich Schnitzel Each,$1.40,$1.40 / 1EA
Mccain Pub Style Extra Crispy Chips 750g,$4.80,$6.40 / 1KG
Woolworths 8 Beef Sausages Herb & Garlic 600g,$7.00,$11.67 / 1KG
Primo Short Cut Bacon 750g,$15.50,$20.67 / 1KG
Woolworths Bbq Hickory Smokey Infused Beef Burgers 450g,$9.00,$20.00 / 1KG
Woolworths Moisture Infused Pork Chops 400g,$8.00,$20.00 / 1KG
Bertocchi Authentic Leg Ham Triple Smoked 500g - 950g,$21.38,$22.50 / 1KG
Clearly Premium Oven Smoked Salmon Lemon & Pepper 300g,$22.50,$75.00 / 1KG
The Free Ranger Free Range Chicken Thigh Fillets 450g - 550g,$10.73,$19.50 / 1KG
Ingham's Free Range Sous Vide Chicken Breast Lightly Seasoned 200g,$8.00,$40.00 / 1KG
Bertocchi Gold Short Rindless Bacon 400g,$10.00,$25.00 / 1KG
Woolworths Bbq Beef Chuck Burgers With Garlic & Cracked Pepper 500g,$10.00,$20.00 / 1KG
"Birds Eye Ocean Selections Raw Prawns Frozen, Peeled & Tail Off 500g",$24.00,$48.00 / 1KG
Woolworths Cooked & Peeled Cocktail Prawns Tail On Per Kg,$34.00,$34.00 / 1KG
Woolworths Chicken Whole Marinated & Seasoned 1.7kg - 2.2kg,$14.30,$6.50 / 1KG
Primo Sausages Polish Sliced Per Kg,$17.50,$17.50 / 1KG
Macro Grass Fed Australian Diced Beef 500g,$13.00,$26.00 / 1KG
Woolworths Southern Style Chicken Pops 400g,$8.00,$20.00 / 1KG
Thawed Marinara Mix Bag And Bake Teriyaki Ginger Per Kg,$14.00,$14.00 / 1KG
Woolworths Pork & Fennel Sausage Roll 460g,$8.00,$17.39 / 1KG
Woolworths Rspca Approved Chicken Livers 500g,$3.75,$7.50 / 1KG
Thawed Freshwater Basa Fillets Bag And Bake Teriyaki Ginger Per Kg,$11.00,$11.00 / 1KG
Woolworths Buttermilk Tennessee Style Chicken Wing Nibbles 600g,$8.50,$14.17 / 1KG
De Costi Raw Prawn Meat 260g,$12.50,$48.08 / 1KG
Woolworths Beef Strips Teriyaki Style 300g,$9.00,$30.00 / 1KG
Salamanca Seafood Company Basa Skin Off Fillet Value Pack 400g,$9.00,$22.50 / 1KG
Woolworths 8 Beef Sausages 600g,$7.00,$11.67 / 1KG
Primo Champagne Ham Thinly Sliced 100g,$3.70,$37.00 / 1KG
Woolworths Rspca Approved Chicken Breast Fillet Min. 250g,$10.00,$10.00 / 1KG
Salmon Tasmanian Atlantic Fillets Skin On Per Kg,$29.00,$29.00 / 1KG
Primo Hungarian Salami Mild 80g,$3.70,$46.25 / 1KG
Chicken Sandwich Schnitzel Each,$1.40,$1.40 / 1EA
Mccain Pub Style Extra Crispy Chips 750g,$4.80,$6.40 / 1KG
Woolworths 8 Beef Sausages Herb & Garlic 600g,$7.00,$11.67 / 1KG
Fresh Hoki Blue Grenadier Fillets Per Kg,$19.00,$19.00 / 1KG
Sole Mare Wood Smoked Mussels 120g,$4.00,$33.33 / 1KG
Talley's Chilled Mussels Marinated Plain 375g,$8.00,$21.33 / 1KG
Woolworths Chicken Tenderloins In Lemon & Garlic Marinade 500g,$9.50,$19.00 / 1KG
Birds Eye Ocean Selections Teriyaki Frozen Fish Fillets 4 Pack,$5.00,$10.00 / 1KG
Woolworths Cook Chicken Kebab Honey Soy 375g,$8.00,$21.33 / 1KG
Pastoral Oven Roasted Pork Herb Crusted Sliced From The Deli Per Kg,$27.00,$27.00 / 1KG
Humpty Doo Barramundi Skin On 260g,$13.00,$50.00 / 1KG
Just Caught Peeled & Deveined Cooked Prawns 500g,$16.50,$33.00 / 1KG
Woolworths Cook Italian Style Beef & Pork Tomato Ragu 700g,$15.00,$21.43 / 1KG
Pork Stir Fry 400g,$8.00,$20.00 / 1KG
Birds Eye Ocean Selections Barramundi Moroccan Frozen Fish Fillets 4 Pack,$17.00,$34.00 / 1KG
Birds Eye Ocean Selections Fish Fillets Moroccan Skinless Frozen 4 Pack,$5.00,$10.00 / 1KG
Woolworths Cook Chicken Drumsticks Sweet & Smokey Bbq Glaze 1.4kg,$8.00,$5.71 / 1KG
Woolworths Butter Chicken Style Kebabs Kebabs 10 Pack,$11.50,
Primo Berliner Sliced Per Kg,$20.50,$20.50 / 1KG
Woolworths Frozen Barramundi 1kg,$21.00,$21.00 / 1KG
Don Short Cut Rindless Bacon 200g,$5.80,$29.00 / 1KG
Woolworths Thawed Cooked Prawn Ring 200g,$9.00,$45.00 / 1KG
United Fish Co. Whole Shell Greenshell Mussels Frozen 1kg,$6.50,$6.50 / 1KG
Woolworths Bbq Boneless Thigh Fillets With Japanese Style Marinade 500g,$9.00,$18.00 / 1KG
Woolworths Fresh Pacific Oysters 1 Dozen,$21.00,$1.75 / 1EA
K-roo Kangaroo Steak Marinated 500g - 600g,$15.00,$25.00 / 1KG
De Costi Prawns Lemon & Garlic Butter 280g,$12.50,$44.64 / 1KG
Woolworths 8 Beef Sausages 600g,$7.00,$11.67 / 1KG
Primo Champagne Ham Thinly Sliced 100g,$3.70,$37.00 / 1KG
Woolworths Rspca Approved Chicken Breast Fillet Min. 250g,$10.00,$10.00 / 1KG
Salmon Tasmanian Atlantic Fillets Skin On Per Kg,$29.00,$29.00 / 1KG
Primo Hungarian Salami Mild 80g,$3.70,$46.25 / 1KG
Chicken Sandwich Schnitzel Each,$1.40,$1.40 / 1EA
Mccain Pub Style Extra Crispy Chips 750g,$4.80,$6.40 / 1KG
Woolworths 8 Beef Sausages Herb & Garlic 600g,$7.00,$11.67 / 1KG
Woolworths Smoked Beef Pastrami Freshly Shaved From The Deli Per Kg,$31.00,$31.00 / 1KG
Bertocchi Mortadella Plain Sliced From The Deli Per Kg,$11.80,$11.80 / 1KG
Woolworths Simply Roast Honey Soy Chicken Wing Nibbles 1kg,$9.00,$9.00 / 1KG
Woolworths Lamb Fetta & Rosemary Sausages 450g,$9.00,$20.00 / 1KG
Macro Chicken Lovely Legs Free Range 550g - 650g,$6.83,$10.50 / 1KG
Macro Organic Beef Mince Heart Smart 500g,$15.00,$30.00 / 1KG
Woolworths Fresh Whole Black Mussels Per Kg,$10.00,$10.00 / 1KG
Woolworths Moisture Infused Pork Chops 1.2kg,$21.00,$17.50 / 1KG
Woolworths The Cooks Cuts Beef Brisket 800g - 1.5kg,$21.00,$15.00 / 1KG
Woolworths Slow Cooked Chicken Breast In Creamy Mushroom Sauce 700g,$15.00,$21.43 / 1KG
Steggles Chicken Mixed Pieces 2kg,$9.00,$4.50 / 1KG
Woolworths Rspca Approved Chicken Giblets 500g,$3.75,$7.50 / 1KG
Woolworths Cook Butterflied Chicken Sweet Garlic & Herb Marinade 900g - 1.25kg,$11.25,$9.00 / 1KG
D'orsogna Natural Leg Ham Portion 700g,$12.50,$17.86 / 1KG
Sealord New Zealand Dory Natural Fillets 500g,$13.50,$27.00 / 1KG
D'orsogna Natural Shortcut Bacon Gluten Free Wood Smoked 200g,$6.50,$32.50 / 1KG
Steggles Butter Chicken Flavour Boneless Family Roast Chicken 900g - 1.5kg,$16.50,$11.00 / 1KG
Luv-a-duck Peking Duck Breasts 360g,$16.50,$45.83 / 1KG
Woolworths Cracked Black Pepper Wagyu Beef Sausages 450g,$9.00,$20.00 / 1KG
Woolworths 8 Beef Sausages 600g,$7.00,$11.67 / 1KG
Primo Champagne Ham Thinly Sliced 100g,$3.70,$37.00 / 1KG
Woolworths Rspca Approved Chicken Breast Fillet Min. 250g,$10.00,$10.00 / 1KG
Salmon Tasmanian Atlantic Fillets Skin On Per Kg,$29.00,$29.00 / 1KG
Primo Hungarian Salami Mild 80g,$3.70,$46.25 / 1KG
Chicken Sandwich Schnitzel Each,$1.40,$1.40 / 1EA
Mccain Pub Style Extra Crispy Chips 750g,$4.80,$6.40 / 1KG
Woolworths 8 Beef Sausages Herb & Garlic 600g,$7.00,$11.67 / 1KG
Woolworths Cook Butterflied Lamb Leg With Honey & Rosemary 400g - 700g,$16.80,$24.00 / 1KG
Woolworths Lamb Strips Mongolian Style 300g,$9.00,$30.00 / 1KG
Woolworths Rspca Approved Chicken Necks 1kg,$6.50,$6.50 / 1KG
Beef Rib Eye Bone In 230g - 500g,$19.50,$39.00 / 1KG
Boston Bay Mussels Cooked 500g,$8.00,$16.00 / 1KG
Holland House Caviar Black 50g,$6.00,$120.00 / 1KG
Woolworths Cook Chinese Bbq Style Pork With Char Siu Sauce 560g,$14.00,$25.00 / 1KG
Humpty Doo Barramundi Skin Off 260g,$14.00,$53.85 / 1KG
Don Short Cut Rindless Bacon Twin Pack 500g,$12.00,$24.00 / 1KG
Gourmet Chef Marinara Sauce 450g,$5.20,$11.56 / 1KG
Woolworths Jumbo Cooked Prawn 500g,$22.00,$44.00 / 1KG
Ocean Blue Crab Meat 140g,$12.00,$85.71 / 1KG
Steggles Margherita Pizza Flavour Family Roast Split Chicken Per Kg,$11.50,$11.50 / 1KG
Woolworths Hot & Spicy Chicken Wing Nibbles 600g,$8.50,$14.17 / 1KG
Woolworths Beef Strips Bulgolgi Style 300g,$9.00,$30.00 / 1KG
Primo Pepperoni Sausage Per Kg,$29.35,$29.35 / 1KG
Woolworths Cook Pork Medallions Garlic & Herb Stuffing 300g,$9.00,$30.00 / 1KG
Tibaldi Ham Off The Bone 500g,$16.00,$32.00 / 1KG
Woolworths Cook Chicken Kebabs Teriyaki With White Sesame Topping 10 Pack,$13.50,$16.88 / 1KG
Macro Organic Chicken Breast Fillet 350g - 600g,$18.90,$31.50 / 1KG
Talley's Chilled Mussels Marinated Garlic 375g,$8.00,$21.33 / 1KG
The Free Ranger Free Range Chicken Breast Fillets 500g - 650g,$12.68,$19.50 / 1KG
Macro Grass Fed Beef Rump Roast 450g - 850g,$23.80,$28.00 / 1KG
Woolworths 8 Beef Sausages 600g,$7.00,$11.67 / 1KG
Primo Champagne Ham Thinly Sliced 100g,$3.70,$37.00 / 1KG
Woolworths Rspca Approved Chicken Breast Fillet Min. 250g,$10.00,$10.00 / 1KG
Salmon Tasmanian Atlantic Fillets Skin On Per Kg,$29.00,$29.00 / 1KG
Primo Hungarian Salami Mild 80g,$3.70,$46.25 / 1KG
Chicken Sandwich Schnitzel Each,$1.40,$1.40 / 1EA
Mccain Pub Style Extra Crispy Chips 750g,$4.80,$6.40 / 1KG
Woolworths 8 Beef Sausages Herb & Garlic 600g,$7.00,$11.67 / 1KG
Woolworths Cook Slow Cooked Beef Ribs In Sweet 'n' Smokey Bbq Sauce 800g - 1.3kg,$28.60,$22.00 / 1KG
Macro Free Range Chicken Breast Steaks Sweet Chipotle 500g,$12.00,
Woolworths Lamb Cutlets 4 - 7 Pieces 250g - 600g,$25.80,$43.00 / 1KG
Woolworths Wagyu Rump Steak 150g - 350g,$18.20,$52.00 / 1KG
Woolworths Chicken Burgers Salt & Pepper 440g,$6.50,$14.77 / 1KG
Just Caught Crumbed Pollock Fillets 1kg,$9.00,$9.00 / 1KG
Macro Free Range Chicken Breast Shawarma Style Strips 500g,$12.00,$24.00 / 1KG
Ocean Chef South American Flathead Fillets 1kg,$19.00,$19.00 / 1KG
Woolworths Crumbed Tasmanian Skin Off Salmon Bites 285g,$11.00,$38.60 / 1KG
Crystal Bay Frozen Australian Tiger Prawns 550g,$18.00,$32.73 / 1KG
Primo Bacon Lean Shortcut 350g,$8.75,$25.00 / 1KG
Crystal Bay Australian Tiger Prawns 1kg,$30.00,$30.00 / 1KG
Just Caught Raw Prawn Cutlets 850g,$32.00,$37.65 / 1KG
Birds Eye Ocean Selections Barramundi Skin On Frozen Fish Fillet 2 Pack,$10.00,$40.00 / 1KG
Woolworths Angus Beef Chuck Burgers 2 Pack,$7.50,$26.79 / 1KG
Woolworths Beef Soup Bones 1kg - 1.3kg,$9.10,$7.00 / 1KG
Woolworths Cook Lamb Shoulder With Garlic & Rosemary 700g,$18.00,$25.71 / 1KG
Gourmet Chef Thai Green Curry Sauce 450g,$5.20,$11.56 / 1KG
Ocean Chef Hoki Fillets 1kg,$22.50,$22.50 / 1KG
Tropic Co Australian Raw Tiger Prawns Frozen 1kg,$26.50,$26.50 / 1KG
Woolworths 8 Beef Sausages 600g,$7.00,$11.67 / 1KG
Primo Champagne Ham Thinly Sliced 100g,$3.70,$37.00 / 1KG
Woolworths Rspca Approved Chicken Breast Fillet Min. 250g,$10.00,$10.00 / 1KG
Salmon Tasmanian Atlantic Fillets Skin On Per Kg,$29.00,$29.00 / 1KG
Primo Hungarian Salami Mild 80g,$3.70,$46.25 / 1KG
Chicken Sandwich Schnitzel Each,$1.40,$1.40 / 1EA
Mccain Pub Style Extra Crispy Chips 750g,$4.80,$6.40 / 1KG
Woolworths 8 Beef Sausages Herb & Garlic 600g,$7.00,$11.67 / 1KG
Woolworths The Cooks Cuts Beef Cheek 300g - 750g,$19.50,$26.00 / 1KG
Woolworths Hickory Half Leg Ham 600g - 1.05kg,$23.10,$22.00 / 1KG
Bertocchi Gold Thin & Crispy Middle Bacon 400g,$10.00,$25.00 / 1KG
Talley's Chilled Mussels Chilli 375g,$8.00,$21.33 / 1KG
Luv-a-duck Fresh Duck Breast Fillets 380g,$12.00,$31.58 / 1KG
Chicken Lovely Legs Per Kg,$7.50,$7.50 / 1KG
Macro Organic Chicken Drumstick 300g - 550g,$6.05,$11.00 / 1KG
Asp Scottish Kippers 335g,$8.00,$23.88 / 1KG
Woolworths Cook  Slow Cooked Shanghai Style Pork Belly 600g,$16.00,$26.67 / 1KG
Steggles Family Roast Whoe Chicken Parmi 2kg - 2.9kg,$21.75,$7.50 / 1KG
Ocean Chef Flathead In Crunchy Batter 500g,$9.00,$18.00 / 1KG
Gourmet Chef Thai Red Curry Sauce 450g,$5.20,$11.56 / 1KG
Primo Salt Reduced Short Cut Bacon 200g,$5.25,$26.25 / 1KG
Woolworths Lamb Offcut 4-6 Pieces 650g - 1.2kg,$10.80,$9.00 / 1KG
Bertocchi Pork Bones Smoked 500g,$6.50,$13.00 / 1KG
Free Range Chicken Boneless Butterflied Chicken Moroccan 900g - 1.4kg,$19.60,$14.00 / 1KG
Woolworths 8 Beef Sausages 600g,$7.00,$11.67 / 1KG
Primo Champagne Ham Thinly Sliced 100g,$3.70,$37.00 / 1KG
Woolworths Rspca Approved Chicken Breast Fillet Min. 250g,$10.00,$10.00 / 1KG
Salmon Tasmanian Atlantic Fillets Skin On Per Kg,$29.00,$29.00 / 1KG
Primo Hungarian Salami Mild 80g,$3.70,$46.25 / 1KG
Chicken Sandwich Schnitzel Each,$1.40,$1.40 / 1EA
Mccain Pub Style Extra Crispy Chips 750g,$4.80,$6.40 / 1KG
Woolworths 8 Beef Sausages Herb & Garlic 600g,$7.00,$11.67 / 1KG
Woolworths 8 Beef Sausages 600g,$7.00,$11.67 / 1KG
Primo Champagne Ham Thinly Sliced 100g,$3.70,$37.00 / 1KG
Woolworths Rspca Approved Chicken Breast Fillet Min. 250g,$10.00,$10.00 / 1KG
Salmon Tasmanian Atlantic Fillets Skin On Per Kg,$29.00,$29.00 / 1KG
Primo Hungarian Salami Mild 80g,$3.70,$46.25 / 1KG
Chicken Sandwich Schnitzel Each,$1.40,$1.40 / 1EA
Mccain Pub Style Extra Crispy Chips 750g,$4.80,$6.40 / 1KG
Woolworths 8 Beef Sausages Herb & Garlic 600g,$7.00,$11.67 / 1KG
Woolworths Cook Boneless Chicken Fillets Drumstick Paprika & Chilli 500g,$8.00,$16.00 / 1KG
D'orsogna Honey Leg Ham 850g,$15.00,$17.65 / 1KG
Woolworths Bbq Pulled Pork Burger Kit 700g,$16.50,$23.57 / 1KG
Tropic Co Australian Cooked Tiger Prawns 475g,$16.00,$33.68 / 1KG
Macro Free Range Chicken Roasting Portions Portugese Style 1kg - 1.25kg,$13.13,$10.50 / 1KG
Karumba Banana Prawns 500g,$29.00,$58.00 / 1KG
Ocean Blue Mini Blinis 168g,$4.90,$29.17 / 1KG
Bertocchi Authentic Leg Ham Boneless 500g - 1kg,$22.50,$22.50 / 1KG
"Birds Eye Ocean Selections Raw Prawns Frozen, Garlic And Herb Dusted 500g",$24.00,$48.00 / 1KG
Woolworths Nashville Style Chicken Tenders 400g,$9.00,$22.50 / 1KG
Fresh Ling Fillets Per Kg,$36.00,$36.00 / 1KG
Jervis Bay Shellfish Co Oysters Kilpatrick 6 Pack,$17.90,
Just Caught Cooked & Shelled Mussel Meat 1kg,$14.00,$14.00 / 1KG
Viking Platter Swedish Caviar 150g,$6.00,$40.00 / 1KG
Gourmet Chef Chilli Mussel Sauce 450g,$5.20,$11.56 / 1KG
Primo Middle Bacon 750g,$15.50,$20.67 / 1KG
Primo Pan Sized Rindless Bacon Pan Size 750g,$16.50,$22.00 / 1KG
Bertocchi Bacon Hock Smoked Meaty 900g - 1.55kg,$20.93,$13.50 / 1KG
Bertocchi Ham Leg Boneless 1.8kg,$25.00,$13.89 / 1KG
Macro Grass Fed Beef Flank Steak 200g - 550g,$16.50,$30.00 / 1KG
Fresh Ling Fillets Bag And Bake Teriyaki Ginger Per Kg,$33.00,$33.00 / 1KG
Woolworths 8 Beef Sausages 600g,$7.00,$11.67 / 1KG
Primo Champagne Ham Thinly Sliced 100g,$3.70,$37.00 / 1KG
Woolworths Rspca Approved Chicken Breast Fillet Min. 250g,$10.00,$10.00 / 1KG
Salmon Tasmanian Atlantic Fillets Skin On Per Kg,$29.00,$29.00 / 1KG
Primo Hungarian Salami Mild 80g,$3.70,$46.25 / 1KG
Chicken Sandwich Schnitzel Each,$1.40,$1.40 / 1EA
Mccain Pub Style Extra Crispy Chips 750g,$4.80,$6.40 / 1KG
Woolworths 8 Beef Sausages Herb & Garlic 600g,$7.00,$11.67 / 1KG
Macro Organic Beef Rump Steak 200g - 400g,$18.00,$45.00 / 1KG
Woolworths Rspca Approved Chicken Giblets 1kg,$6.50,$6.50 / 1KG
Pastoral Oven Roasted Pork Herb Crusted Sliced From The Deli Per Kg,$27.00,$27.00 / 1KG
Woolworths Cook Chicken Breast Parcels With Spinach & Ricotta 500g,$12.00,$24.00 / 1KG
Woolworths Cook Mild Mexican Inspired Pork Taco Kit 850g,$16.50,$19.41 / 1KG
Ocean Chef Australian Raw Peeld Prawns 400g,$24.00,$60.00 / 1KG
Thawed Imp Perch Nile Fillets Bag And Bake Teriyaki Ginger Per Kg,$17.00,$17.00 / 1KG
Ingham's Chicken Portion Pieces Gourmet Roasting 1.5kg - 2kg,$19.00,$9.50 / 1KG
Ocean Chef Barramundi Portions Skin On 10 Pack,$26.00,$26.00 / 1KG
Ocean Chef Marinara Seafood Mix 1kg,$18.50,$18.50 / 1KG
Royal Bacon Co Bacon Ends 500g,$8.00,$16.00 / 1KG
Woolworths Crumbed Beef Cheeseburger Chips 400g,$9.00,$22.50 / 1KG
Goolwa Pipico Whole Clam Chowder 575g,$9.00,$15.65 / 1KG
Fisher Bear Marinated Baby Octopus 280g,$15.00,$5.36 / 100G
Ocean Blue Double Smoked Salmon 100g,$8.00,$80.00 / 1KG
Steggles Chicken Frames 2kg,$11.00,$5.50 / 1KG
Barramundi Skin Off Fillets Bag & Bake Teriyaki Ginger Per Kg,$36.00,$36.00 / 1KG
Woolworths Slow Raised Whole Chicken Per Kg,$19.80,$11.00 / 1KG
Macro Free Range Chicken With Paella Stuffing 1.5kg - 2.2kg,$18.70,$8.50 / 1KG
North Coast Sydney Rock Oysters 1 Dozen,$18.00,$1.50 / 1EA
Seafood Entertaining Platter Each,$60.00,$60.00 / 1EA
Thawed Skinned Ling Fillets Bag & Bake Teriyaki Ginger Per Kg,$19.00,$19.00 / 1KG
Woolworths 8 Beef Sausages 600g,$7.00,$11.67 / 1KG
Primo Champagne Ham Thinly Sliced 100g,$3.70,$37.00 / 1KG
Woolworths Rspca Approved Chicken Breast Fillet Min. 250g,$10.00,$10.00 / 1KG
Salmon Tasmanian Atlantic Fillets Skin On Per Kg,$29.00,$29.00 / 1KG
Primo Hungarian Salami Mild 80g,$3.70,$46.25 / 1KG
Chicken Sandwich Schnitzel Each,$1.40,$1.40 / 1EA
Mccain Pub Style Extra Crispy Chips 750g,$4.80,$6.40 / 1KG
Woolworths 8 Beef Sausages Herb & Garlic 600g,$7.00,$11.67 / 1KG
Jervis Bay Shellfish Co Handmade Oysters Mornay 6 Pack,$17.90,
Jc Seafood Crumbed Whiting Bites 240g,$8.00,$33.33 / 1KG
Ocean Chef Emporor Fillets Skinless 1kg,$29.00,$29.00 / 1KG
Bertocchi Ham Picnic Shoulder 3.3kg - 4.6 Kg,$48.30,$10.50 / 1KG
Boston Bay Mussels Hot Pot In Tomato Broth 600g,$12.00,$20.00 / 1KG
From The Deli Seafood Platter For Two Each,$33.00,$33.00 / 1EA
Ocean Chef Moreton Bay Bugs With Garlic & Herb Butter 320g,$19.00,$59.38 / 1KG
Woolworths Meatball & Pasta Kit 1.2kg,$16.00,$13.33 / 1KG
Ocean Chef Hoki Fillets Manuka Honey & Green Pepper 600g,$16.00,$26.67 / 1KG
Jc Seafood Crumbed Whiting Portions 200g,$6.00,$30.00 / 1KG
Jc Seafood Squid Chips 200g,$6.00,$30.00 / 1KG
Jc Seafood Tempura Battered Whiting 200g,$8.00,$40.00 / 1KG
Woolworths 8 Beef Sausages 600g,$7.00,$11.67 / 1KG
Primo Champagne Ham Thinly Sliced 100g,$3.70,$37.00 / 1KG
Woolworths Rspca Approved Chicken Breast Fillet Min. 250g,$10.00,$10.00 / 1KG
Salmon Tasmanian Atlantic Fillets Skin On Per Kg,$29.00,$29.00 / 1KG
Primo Hungarian Salami Mild 80g,$3.70,$46.25 / 1KG
Chicken Sandwich Schnitzel Each,$1.40,$1.40 / 1EA
Mccain Pub Style Extra Crispy Chips 750g,$4.80,$6.40 / 1KG
Woolworths 8 Beef Sausages Herb & Garlic 600g,$7.00,$11.67 / 1KG
