Product Name,Price,Price per Unit
Nestle Nan Comfort 1 From Birth Starter Baby Formula Powder 800g,$20.00,$2.50 / 100G
Nestle Nan Comfort 2 Follow-on Formula 6-12 Months Powder 800g,$20.00,$2.50 / 100G
Nestle Nan Comfort 3 Toddler 1+ Years Milk Drink Powder 800g,$16.00,$2.00 / 100G
Bepanthen Nappy Rash Ointment 100g,$15.50,$15.50 / 100G
Little One's Baby Wipes 480 Pack,$11.50,$2.40 / 100EA
Little One's Baby Wipes 80 Pack,$2.40,$3.00 / 100EA
Little One's Baby Wipes Scented 80 Pack,$2.40,$3.00 / 100EA
Waterwipes Fragrance Free Sensitive Skin Baby Wipes 60 Pack,$4.50,$7.50 / 100EA
Waterwipes Fragrance Free Sensitive Skin Baby Wipes 60 X3 Pack,$20.00,$11.11 / 100EA
Huggies Thick Baby Wipes Fragrance Free 80 Pack,$5.00,$6.25 / 100EA
Bepanthen Nappy Rash Ointment 30g,$8.50,$28.33 / 100G
First Response Pregnancy Test Instream Test 3 Pack,$20.00,$6.67 / 1EA
First Response Pregnancy Test Dip Read 3 Pack,$12.80,$4.27 / 1EA
First Response Ovulation Test Kit 14 Pack,$55.50,$3.96 / 1EA
Rafferty's Garden Baby Food Banana Milk Teething Rusks 6+ Months 100g,$4.00,$4.00 / 100G
Curash Water Wipes 3x80 Pack,$12.30,$5.13 / 100EA
Sudocrem Nappy Cream Healing 125g,$12.50,$10.00 / 100G
Little Bellies Organic Sultanas 6 Pack,$2.25,$2.68 / 100G
Kiddylicious Veggie Straws 12g,$2.20,$18.33 / 100G
Curash Baby Wipes Fragrance Free 240 Pack,$9.80,$4.08 / 100EA
Huggies Thick Baby Wipes Fragrance Free 240 Pack,$14.00,$5.83 / 100EA
Woolworths Smiling Tums 6 Months+ Apple & Banana With Oats 120g,$1.00,$0.83 / 100G
Curash Baby Wipes Simply Water 80 Pack,$6.00,$7.50 / 100EA
Huggies Thick Baby Wipes Fragrance Free 400 Pack,$18.00,$4.50 / 100EA
Little One's Baby Wipes Scented 480 Pack,$11.50,$2.40 / 100EA
Sudocrem Nappy Cream 400g,$31.00,$7.75 / 100G
Little One's Baby Wipes Hand & Face 30 Pack,$1.80,$6.00 / 100EA
Huggies Thick Baby Wipes Coconut Oil 80 Pack,$5.00,$6.25 / 100EA
Huggies Thick Baby Wipes Cucumber & Aloe 80 Pack,$5.00,$6.25 / 100EA
Tooshies Eco Wipes Aloe Vera & Chamomile Baby Wipes 70 Pack,$5.50,$7.86 / 100EA
Little One's Premium Baby Wipes Thick Unscented 80 Pack,$2.80,$3.50 / 100EA
Tooshies Eco Wipes Aloe Vera & Chamomile Baby Wipes 280 Pack,$18.50,$4.63 / 1EA
Nestle Nan Comfort 1 From Birth Starter Baby Formula Powder 800g,$20.00,$2.50 / 100G
Nestle Nan Comfort 2 Follow-on Formula 6-12 Months Powder 800g,$20.00,$2.50 / 100G
Nestle Nan Comfort 3 Toddler 1+ Years Milk Drink Powder 800g,$16.00,$2.00 / 100G
Bepanthen Nappy Rash Ointment 100g,$15.50,$15.50 / 100G
Little One's Baby Wipes 480 Pack,$11.50,$2.40 / 100EA
Little One's Baby Wipes 80 Pack,$2.40,$3.00 / 100EA
Little One's Baby Wipes Scented 80 Pack,$2.40,$3.00 / 100EA
Waterwipes Fragrance Free Sensitive Skin Baby Wipes 60 Pack,$4.50,$7.50 / 100EA
Waterwipes Fragrance Free Sensitive Skin Baby Wipes 60 X3 Pack,$20.00,$11.11 / 100EA
Huggies Thick Baby Wipes Fragrance Free 80 Pack,$5.00,$6.25 / 100EA
Bepanthen Nappy Rash Ointment 30g,$8.50,$28.33 / 100G
First Response Pregnancy Test Instream Test 3 Pack,$20.00,$6.67 / 1EA
First Response Pregnancy Test Dip Read 3 Pack,$12.80,$4.27 / 1EA
First Response Ovulation Test Kit 14 Pack,$55.50,$3.96 / 1EA
Rafferty's Garden Baby Food Banana Milk Teething Rusks 6+ Months 100g,$4.00,$4.00 / 100G
Curash Water Wipes 3x80 Pack,$12.30,$5.13 / 100EA
Sudocrem Nappy Cream Healing 125g,$12.50,$10.00 / 100G
Little Bellies Organic Sultanas 6 Pack,$2.25,$2.68 / 100G
Kiddylicious Veggie Straws 12g,$2.20,$18.33 / 100G
Curash Baby Wipes Fragrance Free 240 Pack,$9.80,$4.08 / 100EA
Huggies Thick Baby Wipes Fragrance Free 240 Pack,$14.00,$5.83 / 100EA
Woolworths Smiling Tums 6 Months+ Apple & Banana With Oats 120g,$1.00,$0.83 / 100G
Curash Baby Wipes Simply Water 80 Pack,$6.00,$7.50 / 100EA
Huggies Thick Baby Wipes Fragrance Free 400 Pack,$18.00,$4.50 / 100EA
Little One's Baby Wipes Scented 480 Pack,$11.50,$2.40 / 100EA
Sudocrem Nappy Cream 400g,$31.00,$7.75 / 100G
Little One's Baby Wipes Hand & Face 30 Pack,$1.80,$6.00 / 100EA
Huggies Thick Baby Wipes Coconut Oil 80 Pack,$5.00,$6.25 / 100EA
Huggies Thick Baby Wipes Cucumber & Aloe 80 Pack,$5.00,$6.25 / 100EA
Tooshies Eco Wipes Aloe Vera & Chamomile Baby Wipes 70 Pack,$5.50,$7.86 / 100EA
Little One's Premium Baby Wipes Thick Unscented 80 Pack,$2.80,$3.50 / 100EA
Tooshies Eco Wipes Aloe Vera & Chamomile Baby Wipes 280 Pack,$18.50,$4.63 / 1EA
Woolworths Smiling Tums 6 Months+ Chicken & Vegetables 120g,$1.00,$0.83 / 100G
Tooshies Eco Wipes Pure Water Baby Wipes 70 Pack,$5.50,$0.08 / 1EA
Sudocrem Tube 30g,$8.25,$27.50 / 100G
Thankyou. Thick & Soft Baby Wipes 80 X3 Pack,$14.00,$5.83 / 100EA
Huggies Thick Baby Wipes 99% Purified Water 72 Pack,$5.00,$6.94 / 100EA
Woolworths Smiling Tums 6 Months+ Beef & Vegetables 120g,$1.00,$0.83 / 100G
Thankyou. Thick Baby Wipes 80 Pack,$6.00,$7.50 / 100EA
Huggies Thick Baby Wipes Coconut Oil 240 Pack,$14.00,$5.83 / 100EA
Alula Original Follow On 6-12 Months Formula 900g,$20.00,$2.22 / 100G
Baby Mum Mum Snack Vegetable Rice Rusk 36g,$3.85,$10.69 / 100G
Curash Baby Wipes Fragrance Free 80 Pack,$5.50,$6.88 / 100EA
Alula Original Newborn 0-6 Months Infant Formula 900g,$20.00,$2.22 / 100G
Baby Mum Mum Snack Banana Rice Rusk 18 Pack,$3.85,$10.69 / 100G
Baby Bellies Organic Softcorn Banana 8g,$2.00,$25.00 / 100G
Alula Gold Follow-on 6-12 Months Formula 900g,$30.00,$3.33 / 100G
Little One's Size 5 Ultra Dry Nappies Walker 13-18kg Boys & Girls 44 Pack,$11.50,$0.26 / 1EA
Baby Mum Mum Strawberry & Beetroot Rusks 18 Pack,$3.85,$10.69 / 100G
Huggies Thick Baby Wipes 99% Purified Water 216 Pack,$14.00,$6.48 / 100EA
Baby Bellies Organic Softcorn Berry & Apple 8g,$2.00,$25.00 / 100G
Baby Mum Mum Organic Rice Rusk Sweet Potato & Carrot 18 Pack 36g,$3.85,$10.69 / 100G
"Woolworths Smiling Tums Pumpkin, Sweet Potato & Sweetcorn 6+ Months 120g",$1.00,$0.83 / 100G
Alula Original Toddler 1 Year + Milk Drink 900g,$20.00,$2.22 / 100G
Little One's Baby Wipes 480 Pack,$11.50,$2.40 / 100EA
Little One's Size 5 Ultra Dry Nappies Walker 13-18kg Boys & Girls 44 Pack,$11.50,$0.26 / 1EA
Huggies Ultra Dry Nappies Boys Size 5 (13-18kg) 64 Pack,$39.00,$0.61 / 1EA
Huggies Thick Baby Wipes Fragrance Free 400 Pack,$18.00,$4.50 / 100EA
Little One's Size 6 Ultra Dry Nappies Junior 15-25kg Boys & Girls 40 Pack,$11.50,$0.29 / 1EA
Huggies Infant Nappies Size 2 (4-8kg) 96 Pack,$39.00,$0.41 / 1EA
Huggies Ultra Dry Nappies Boys Size 4 (10-15kg) 72 Pack,$39.00,$0.54 / 1EA
Huggies Ultra Dry Nappies Girls Size 4 (10-15kg) 72 Pack,$39.00,$0.54 / 1EA
Heinz Little Kids 1 - 3 Years Fruit Salad Muesli Fingers 90g,$4.00,$4.44 / 100G
Waterwipes Soapberry Extract Baby Wipes 60 Pack,$8.00,$0.13 / 1EA
Rafferty's Garden Banana Pear & Mango Baby Food Puree Pouch 4+ Months 120g,$2.15,$1.79 / 100G
Huggies Thick Baby Wipes Cucumber & Aloe 400 Pack,$18.00,$4.50 / 100EA
Alula Gold Toddler 1 Year + Milk Drink 900g,$25.50,$2.83 / 100G
Little One's Size 4 Ultra Dry Nappies Toddler 10-15kg Boys & Girls 50 Pack,$11.50,$0.23 / 1EA
"Rafferty's Garden Baby Food Pouch Blueberries, Banana & Apple 4+ Months 120g",$2.15,$1.79 / 100G
"Rafferty's Garden Baby Food Blueberry, Banana & Apple Snack Bars 12+ Months 128g",$4.00,$3.13 / 100G
Rafferty's Garden Baby Food Pouch Pear & Prune & Nothing Else 4+ Months 120g,$2.15,$1.79 / 100G
Rafferty's Garden Baby Food Pouch Pear & Superberries 4+ Months 120g,$2.15,$1.79 / 100G
Alula Gold Junior 2 Years + Milk Drink 900g,$25.50,$2.83 / 100G
Rafferty's Garden Baby Snacks Apple & Raspberry Bars With Fruit 12+ Months 128g,$4.00,$3.13 / 100G
Tommee Tippee Closer To Nature Fast Flow Teats 2 Pack,$10.00,$5.00 / 1EA
Only Organic Strawberry Yoghurt Rice Cakes 30g,$2.50,$8.33 / 100G
Little One's Size 6 Ultra Dry Nappies Junior 15-25kg Boys & Girls 40 Pack,$11.50,$0.29 / 1EA
Ecostore Baby Soap Bar Goat's Milk & Lavender 80g,$3.00,$3.75 / 100G
"Rafferty's Garden Baby Food Pouch Sweet Potato, Carrot & Apple 4+ Months 120g",$2.15,$1.79 / 100G
Rafferty's Garden Baby Food Strawberry Yoghurt Buttons 12+ Months 28g,$6.00,$21.43 / 100G
Tooshies Eco Nappies Size 4 Toddler 36 Pack,$26.00,$0.72 / 1EA
Tooshies Eco Nappies Size 3 Crawler 44 Pack,$26.00,$0.59 / 1EA
"Rafferty's Garden Baby Food Pouch Apple, Banana & Peach Nothing Else 4+ Months 120g",$2.15,$1.79 / 100G
Tooshies Eco Nappies Size 5 Walker 32 Pack,$26.00,$0.81 / 1EA
"Rafferty's Garden Baby Food Pouch Spinach, Apple , Broccoli & Pea 4+ Months 120g",$2.15,$1.79 / 100G
Little One's Nappy Bags Odour Neutralising 200 Pack,$3.20,$1.60 / 100EA
Little One's Baby Wipes 480 Pack,$11.50,$2.40 / 100EA
Little One's Size 5 Ultra Dry Nappies Walker 13-18kg Boys & Girls 44 Pack,$11.50,$0.26 / 1EA
Huggies Ultra Dry Nappies Boys Size 5 (13-18kg) 64 Pack,$39.00,$0.61 / 1EA
Huggies Thick Baby Wipes Fragrance Free 400 Pack,$18.00,$4.50 / 100EA
Little One's Size 6 Ultra Dry Nappies Junior 15-25kg Boys & Girls 40 Pack,$11.50,$0.29 / 1EA
Huggies Infant Nappies Size 2 (4-8kg) 96 Pack,$39.00,$0.41 / 1EA
Huggies Ultra Dry Nappies Boys Size 4 (10-15kg) 72 Pack,$39.00,$0.54 / 1EA
Huggies Ultra Dry Nappies Girls Size 4 (10-15kg) 72 Pack,$39.00,$0.54 / 1EA
"Rafferty's Garden Baby Food Pouch Pumpkin, Apple & Sweetcorn 4+ Months 120g",$2.15,$1.79 / 100G
"Rafferty's Garden Baby Food Pouch Apple, Pear & Cinnamon 4+ Months 120g",$2.15,$1.79 / 100G
Curash Baby Care Simply Water Travel Baby Wipes 100 Pack,$12.00,$12.00 / 100EA
Milton Antibacterial Surface Wipes 30 Pack,$3.85,$12.83 / 100EA
Curash Wipes Travel Pack 5x20 Pack,$12.00,$12.00 / 100EA
Alula Gold Delicateeze 0-12 Months Infant Formula 850g,$26.00,$3.06 / 100G
Baby Bellies Organic Banana Softcorn 30g,$4.75,$15.83 / 100G
Rafferty's Garden Apple Puree And Nothing Else Baby Food Pouch 4+ Months 120g,$2.15,$1.79 / 100G
Baby Bellies Organic Berry & Apple Softcorn 30g,$4.75,$15.83 / 100G
Rafferty's Garden Pear Puree And Nothing Else Baby Food Pouch 4+ Months 120g,$2.15,$1.79 / 100G
Squishmallows 5 Inch Plush Each,$8.00,
Little One's Premium Thick Scented Baby Wipes 80 Pack,$3.10,$3.88 / 100EA
Rafferty's Garden Baby Food Apple Snack Bars Real Fruit 8 Pack 12+ Months 128g,$4.00,$3.13 / 100G
Huggies Bio Baby Wipes 64 Pack,$6.00,$9.38 / 100EA
Naty Baby Wipes Unscented 56 Pack,$6.00,$10.71 / 100EA
Rafferty's Garden Banana Pear & Mango Porridge Baby Food Pouch 6+ Months 120g,$2.15,$1.79 / 100G
"Rafferty's Garden Baby Food Pouch Apple, Pear & Cinnamon Porridge 6+ Months 120g",$2.15,$1.79 / 100G
Woolworths Pear Banana & Mango 120g,$1.00,$0.83 / 100G
Kiddylicious Cheesy Straws 12g,$2.20,$18.33 / 100G
Only Organic Yoghurt Rice Cakes 30g,$2.50,$8.33 / 100G
Rafferty's Garden Vegemite Cheesy Bread Sticks Baby Food Snacks 12+ Months 30g,$3.00,$10.00 / 100G
Little One's Nappy Pants Junior 15-20 Kg 21 Pack,$9.50,$0.45 / 1EA
Rafferty's Garden Strawberry & Chia Yoghurt Brekkie Baby Food 8+ Months 120g,$2.15,$1.79 / 100G
Little One's Baby Wipes 480 Pack,$11.50,$2.40 / 100EA
Little One's Size 5 Ultra Dry Nappies Walker 13-18kg Boys & Girls 44 Pack,$11.50,$0.26 / 1EA
Huggies Ultra Dry Nappies Boys Size 5 (13-18kg) 64 Pack,$39.00,$0.61 / 1EA
Huggies Thick Baby Wipes Fragrance Free 400 Pack,$18.00,$4.50 / 100EA
Little One's Size 6 Ultra Dry Nappies Junior 15-25kg Boys & Girls 40 Pack,$11.50,$0.29 / 1EA
Huggies Infant Nappies Size 2 (4-8kg) 96 Pack,$39.00,$0.41 / 1EA
Huggies Ultra Dry Nappies Boys Size 4 (10-15kg) 72 Pack,$39.00,$0.54 / 1EA
Huggies Ultra Dry Nappies Girls Size 4 (10-15kg) 72 Pack,$39.00,$0.54 / 1EA
Rafferty's Garden Baby Food Pouch Chicken Vegetables & Rice 6+ Months 120g,$2.15,$1.79 / 100G
Baby Bellies Organic Puffs Carrot 12g,$2.00,$16.67 / 100G
Baby Bellies Organic Pumpkin & Carrot Softcorn 8g,$2.00,$25.00 / 100G
Rafferty's Garden Baby Food Pouch Chocolate Custard 6+ Months 120g,$2.15,$1.79 / 100G
Rafferty's Garden Baby Food Pouch Vanilla Custard 6+ Months 120g,$2.15,$1.79 / 100G
Woolworths Apple Pear & Cinnamon 120g,$1.00,$0.83 / 100G
Vicks Baby Balsam 100g,$17.00,$17.00 / 100G
Little Bellies Organic Puffs Apple & Cinnamon 12g,$2.00,$16.67 / 100G
Babylove Sleepynights Pants 4-7 Years (18-35kg) 9 Pack,$12.50,$1.39 / 1EA
Tommee Tippee Closer To Nature Medium Flow Teats 2 Pack,$10.00,$5.00 / 1EA
Baby Bellies Organic Strawberry Pick-up Sticks 16g,$3.75,$23.44 / 100G
Huggies Drynites Night Time Pants For Boys 4-7 Years (17-30kg) 9 Pack,$11.00,$1.22 / 1EA
Rafferty's Garden Baby Food Pouch Pear & Apricot & Nothing Else 4+ Months 120g,$2.15,$1.79 / 100G
"Rafferty's Garden Baby Food Pouch Beef, Sweet Potato & Parsnip 6+ Months 120g",$2.15,$1.79 / 100G
Waterwipes Fragrance Free Sensitive Skin Baby Wipes 60 X9 Pack,$56.00,$10.37 / 100EA
Huggies Ultimate Baby Wipes Protect & Care 64 Pack,$6.00,$0.09 / 1EA
Huggies Ultra Dry Nappy Pants Girls Size 6 (15kg+) 24 Pack,$13.00,$0.54 / 1EA
Rafferty's Garden Banana Mini Yoghurt Drops Baby Food Snack 8+ Months 8g,$2.25,$28.13 / 100G
Huggies Ultra Dry Nappy Pants Boys Size 6 (15kg+) 24 Pack,$13.00,$0.54 / 1EA
Johnson's Classic Scented Baby Powder 400g,$5.50,$1.38 / 100G
Little Quacker 1-3 Years Rice Biscuit Strawberry 40g,$2.80,$7.00 / 100G
Heinz Little Kids Vanilla Custard Toddler Food Pouch 1-3 Years 120g,$1.80,$1.50 / 100G
Little One's Nappy Pants Walker 13-18kg 23 Pack,$9.50,$0.41 / 1EA
Little One's Baby Wipes 480 Pack,$11.50,$2.40 / 100EA
Little One's Size 5 Ultra Dry Nappies Walker 13-18kg Boys & Girls 44 Pack,$11.50,$0.26 / 1EA
Huggies Ultra Dry Nappies Boys Size 5 (13-18kg) 64 Pack,$39.00,$0.61 / 1EA
Huggies Thick Baby Wipes Fragrance Free 400 Pack,$18.00,$4.50 / 100EA
Little One's Size 6 Ultra Dry Nappies Junior 15-25kg Boys & Girls 40 Pack,$11.50,$0.29 / 1EA
Huggies Infant Nappies Size 2 (4-8kg) 96 Pack,$39.00,$0.41 / 1EA
Huggies Ultra Dry Nappies Boys Size 4 (10-15kg) 72 Pack,$39.00,$0.54 / 1EA
Huggies Ultra Dry Nappies Girls Size 4 (10-15kg) 72 Pack,$39.00,$0.54 / 1EA
Rafferty's Garden Baby Food Banana Fruit Snack Bars 12+ Months 8 Pack,$4.00,$3.13 / 100G
Huggies Drynites Night Time Pants For Girls 4-7 Years (17-30kg) 9 Pack,$11.00,$1.22 / 1EA
Dreambaby Rapid Response Digital Thermometer,$20.25,$20.25 / 1EA
Rafferty's Garden Baby Food Pouch Risoni Pasta & Garden Vegetables 10+ Months 170g,$2.80,$1.65 / 100G
Baby Bellies Organic Puffs Blueberry 12g,$2.00,$16.67 / 100G
Rafferty's Garden Baby Food Pouch Summer Fruits & Quinoa 6+ Months 120g,$2.15,$1.79 / 100G
Huggies Ultra Dry Nappy Pants Girls Size 5 (12-17kg) 26 Pack,$13.00,$0.50 / 1EA
Huggies Ultimate Baby Wipes Nourish & Care 64 Pack,$6.00,$9.38 / 100EA
Rafferty's Garden Baby Food Pouch Pumpkin & Spinach Pasta Bake 6+ Months 120g,$2.15,$1.79 / 100G
Alula Gold Reflux 0-12 Months Infant Formula 900g,$26.00,$2.89 / 100G
Heinz Little Kids Chocolate Custard Toddler Food Pouch 1-3 Years 120g,$1.80,$1.50 / 100G
Tommee Tippee Closer To Nature Night-time Soothers 6-18 Months Assorted 2 Pack,$12.00,$6.00 / 1EA
Huggies Ultra Dry Nappy Pants Boys Size 5 (12-17kg) 26 Pack,$13.00,$0.50 / 1EA
"Rafferty's Garden Baby Food Pouch Chickpea, Corn & Carrot Protein 8+ Months 120g",$2.15,$1.79 / 100G
Heinz Baby Food 6+ Months Vanilla Custard 120g,$1.80,$1.50 / 100G
"Heinz Smoothie Banana, Pear, Oat, Greek Yoghurt Baby Food 8+ M 120g",$1.80,$1.50 / 100G
Tommee Tippee Closer To Nature Feeding Bottles 340ml 2 Pack,$26.50,$13.25 / 1EA
Little One's Size 3 Ultra Dry Nappies Crawler 6-11kg Boys & Girls 56 Pack,$11.50,$0.21 / 1EA
Heinz Baby Food Apple Puree 4+ Months 110g,$1.00,$0.91 / 100G
Johnson's Baby Soap Twin Pack 95g X2 Pack,$4.00,$2.11 / 100G
Rafferty's Garden Banana & Mango Custard Baby Food Pouch Dessert 6+ Months 120g,$2.15,$1.79 / 100G
Macro Baby Organic 6 Months+ Apple & Blueberry 120g,$1.60,$1.33 / 100G
Heinz Baby Food 8+ Months Strawberry Vanilla Custard 120g,$1.80,$1.50 / 100G
Rafferty's Garden Baby Food Pouch Beef Bolognese & Macaroni 10+ Months 170g,$2.80,$1.65 / 100G
Little One's Baby Wipes 480 Pack,$11.50,$2.40 / 100EA
Little One's Size 5 Ultra Dry Nappies Walker 13-18kg Boys & Girls 44 Pack,$11.50,$0.26 / 1EA
Huggies Ultra Dry Nappies Boys Size 5 (13-18kg) 64 Pack,$39.00,$0.61 / 1EA
Huggies Thick Baby Wipes Fragrance Free 400 Pack,$18.00,$4.50 / 100EA
Little One's Size 6 Ultra Dry Nappies Junior 15-25kg Boys & Girls 40 Pack,$11.50,$0.29 / 1EA
Huggies Infant Nappies Size 2 (4-8kg) 96 Pack,$39.00,$0.41 / 1EA
Huggies Ultra Dry Nappies Boys Size 4 (10-15kg) 72 Pack,$39.00,$0.54 / 1EA
Huggies Ultra Dry Nappies Girls Size 4 (10-15kg) 72 Pack,$39.00,$0.54 / 1EA
Snacktacular Fruit Melts Apple & Strawberry 8g,$1.90,$23.75 / 100G
Only Organic 6 Months+ Banana Blueberry & Quinoa 120g,$2.15,$1.79 / 100G
Rafferty's Garden Baby Food Pouch Beef & Veg Italian Lasagne 10+ Months 170g,$2.80,$1.65 / 100G
"Heinz Smoothie Pear, Berry, Oat, Greek Yoghurt Baby Food 8+ M 120g",$1.80,$1.50 / 100G
Tommee Tippee Closer To Nature Night-time Soothers 18 To 36 Months 2 Pack,$12.00,$12.00 / 1EA
Rafferty's Garden Baby Food Pouch Protein Tuna & Garden Vegetables 6+ Months 120g,$2.15,$1.79 / 100G
Huggies Refillable Baby Wipes Clutch 'n? Go 32 Pack,$8.00,$25.00 / 100EA
Rafferty's Garden Natural Mini Yoghurt Drops Baby Food Snack 8+ Months 8g,$2.25,$28.13 / 100G
Snacktacular Fruit Melts Banana & Blueberry 8g,$1.90,$23.75 / 100G
Baby Bellies Organic Round-a-bouts Sweetcorn 12g,$2.00,$16.67 / 100G
Heinz Baby Food Banana Custard 8+ Months 120g,$1.80,$1.50 / 100G
Heinz Baby Food Pear Puree 4+ Months 110g,$1.00,$0.91 / 100G
Huggies Drynites Night Time Pants For Boys 8-15 Years (27-57kg) 8 Pack,$11.00,$1.38 / 1EA
"Heinz Baby Food 8+ Months Apple, Blueberry & Strawberry 120g",$1.80,$1.50 / 100G
Tommee Tippee 0-6m Silicon Soother 2 Pack,$12.60,$12.60 / 1EA
Tommee Tippee Closer To Nature Fun Style Soothers 18-36 Months Assorted 2 Pack,$12.00,$6.00 / 1EA
Whole Kids Organic Soft Cereal Biscuits- Spelt & Apple 120g,$6.00,$5.00 / 100G
Tommee Tippee No.2 Cherry Latex Soother 0-6 Months 2 Pack,$10.00,$5.00 / 1EA
Bonjela Pain Relief Teething Gel 15g,$10.00,$66.67 / 100G
Little Bellies Veggie Tubes 12g,$2.00,$16.67 / 100G
Rafferty's Garden Brown Rice Bean & Pumpkin Baby Food Pouch 8+ Months 120g,$2.15,$1.79 / 100G
"Rafferty's Garden Blueberry, Banana & Pear Pouch Yoghurt Brekkie Baby Food 120g",$2.15,$1.79 / 100G
Macro Organic 6 Months+ Pumpkin Sweetcorn Potato & Carrot 120g,$1.60,$1.33 / 100G
Little One's Baby Wipes 480 Pack,$11.50,$2.40 / 100EA
Little One's Size 5 Ultra Dry Nappies Walker 13-18kg Boys & Girls 44 Pack,$11.50,$0.26 / 1EA
Huggies Ultra Dry Nappies Boys Size 5 (13-18kg) 64 Pack,$39.00,$0.61 / 1EA
Huggies Thick Baby Wipes Fragrance Free 400 Pack,$18.00,$4.50 / 100EA
Little One's Size 6 Ultra Dry Nappies Junior 15-25kg Boys & Girls 40 Pack,$11.50,$0.29 / 1EA
Huggies Infant Nappies Size 2 (4-8kg) 96 Pack,$39.00,$0.41 / 1EA
Huggies Ultra Dry Nappies Boys Size 4 (10-15kg) 72 Pack,$39.00,$0.54 / 1EA
Huggies Ultra Dry Nappies Girls Size 4 (10-15kg) 72 Pack,$39.00,$0.54 / 1EA
Tommee Tippee Closer To Nature Feeding Bottles 260ml,$13.15,$13.15 / 1EA
Only Organic Wild Rice Risotto Spring Lamb Wild Rice Risotto Spring Lamb 120g,$2.15,$1.79 / 100G
Only Organic 8 Months+ Banana Raspberry & Vanilla 120g,$2.15,$1.79 / 100G
Babylove Cosifit Nappies Size 5 (12-17kg) 54 Pack,$30.00,$55.56 / 100EA
Baby Bellies Organic Sweet Potato Pick-up Sticks 16g,$3.75,$23.44 / 100G
Tommee Tippee Silicone Soother 6-18m 2 Pack,$12.60,$12.60 / 1EA
Macro Organic 6 Months+ Apple Banana & Blueberry Bircher Muesli 120g,$1.60,$1.33 / 100G
Johnson's Baby Shampoo 500ml,$5.50,$1.10 / 100ML
Babylove Sleepynights Pants 8-15 Years (27-57kg) 8 Pack,$12.50,$1.56 / 1EA
Only Organic 8 Months+ Mango & Yoghurt Brekkie 120g,$2.15,$1.79 / 100G
Babylove Nappy Pants Size 6 (15-25kg) 42 Pack,$31.00,$0.74 / 1EA
Nestle Nan Comfort 2 Follow-on Formula 6-12 Months Powder 800g,$20.00,$2.50 / 100G
Voost Hydrate Electrolyte Tablets 20 Pack,$9.60,$48.00 / 100EA
Snacktacular Chewy Crispy Fruit Pieces Apple & Strawberry 12+ Months 12g,$1.90,$15.83 / 100G
Only Organic Banana Berries Yoghurt 120g,$2.15,$1.79 / 100G
Tommee Tippee No.1 Cherry Latex Soother 18-36 Months 2 Pack,$10.00,$5.00 / 1EA
Woolworths Banana Custard 120g,$1.00,$0.83 / 100G
Rafferty's Garden Mixed Berry Yoghurt Buttons Baby Food Snack 12+ Months 28g,$6.00,$21.43 / 100G
Huggies Ultra Dry Nappies Boys Size 5 (13-18kg) 64 Pack,$39.00,$0.61 / 1EA
"Clearblue Pregnancy Test, Ultra Early 3 Pack",$19.00,$6.33 / 1EA
"Heinz Baby Food 8+ Months Apple, Strawberry & Passionfruit 120g",$1.80,$1.50 / 100G
Macro Organic 6 Months+ Sweet Potato Carrot & Zucchini 120g,$1.60,$1.33 / 100G
Only Organic Blueberry Rice Cakes 20g,$1.50,$7.50 / 100G
Rafferty's Garden Strawberry & Vanilla Custard Baby Food Pouch 6+ Months 120g,$2.15,$1.79 / 100G
Little One's Baby Wipes 480 Pack,$11.50,$2.40 / 100EA
Little One's Size 5 Ultra Dry Nappies Walker 13-18kg Boys & Girls 44 Pack,$11.50,$0.26 / 1EA
Huggies Ultra Dry Nappies Boys Size 5 (13-18kg) 64 Pack,$39.00,$0.61 / 1EA
Huggies Thick Baby Wipes Fragrance Free 400 Pack,$18.00,$4.50 / 100EA
Little One's Size 6 Ultra Dry Nappies Junior 15-25kg Boys & Girls 40 Pack,$11.50,$0.29 / 1EA
Huggies Infant Nappies Size 2 (4-8kg) 96 Pack,$39.00,$0.41 / 1EA
Huggies Ultra Dry Nappies Boys Size 4 (10-15kg) 72 Pack,$39.00,$0.54 / 1EA
Huggies Ultra Dry Nappies Girls Size 4 (10-15kg) 72 Pack,$39.00,$0.54 / 1EA
Only Organic Pasta Bolognese 170g,$2.00,$1.18 / 100G
Nestle Nan Comfort 1 From Birth Starter Baby Formula Powder 800g,$20.00,$2.50 / 100G
Only Organic Carrot & Apple Rice Cakes 20g,$1.50,$7.50 / 100G
Kiddylicious Smoothie Melts Strawberry & Banana 12+ Months 6g,$2.20,$36.67 / 100G
Little One's Baby Powder With Cornstarch 200g,$2.00,$1.00 / 100G
Rafferty's Garden Red Lentil Carrot Sweet Potato Baby Food Pouch 8+ Months 120g,$2.15,$1.79 / 100G
Tommee Tippee Advanced Anti Colic Feeding Bottle 260ml 2 Pack,$26.00,
Babylove Nappy Pants Size 5 (12-17kg) 50 Pack,$31.00,$0.62 / 1EA
Farex Breakfast On The Go Creamy Baby Food Porridge 6+ Months 120g,$1.80,$1.50 / 100G
Tommee Tippee Closer To Nature Moda Feeding Bottles 260ml 2 Pack,$22.00,$11.00 / 1EA
Valco Baby Pax Plus Change Table Black,$116.10,
First Response Pregnancy Test Instream Test 3 Pack,$20.00,$6.67 / 1EA
Heinz Pumpkin & Potato + Beef Baby Food Jar 4+ Months 110g,$1.00,$0.91 / 100G
Woolworths Strawberry Custard 120g,$1.00,$0.83 / 100G
Only Organic Passionfruit Yoghurt Rice Cakes 30g,$2.50,$8.33 / 100G
Keezi Change Table Baby Chest of Drawer Dresser Cabinet Changer Nursery Toy Box,$372.95,
Babylove Cosifit Nappies Size 6 (15-25kg) 26 Pack,$16.00,$0.62 / 1EA
Tommee Tippee No.1 Cherry Latex Soother 6-18 Months 2 Pack,$10.00,$5.00 / 1EA
Heinz Little Treats Vanilla Custard Baby Food Jar 6+ Months 110g,$1.00,$0.91 / 100G
Babylove Nappy Pants Size 6 (15-25kg) 22 Pack,$17.00,$0.77 / 1EA
Huggies Drynites Night Time Pants For Girls 8-15 Years (27-57kg) 8 Pack,$11.00,$1.38 / 1EA
Baby Bellies Banana Pick Up Sticks 16g,$3.75,$23.44 / 100G
Huggies Little Swimmers Disposable Swim Nappies Large (14+kg) 10 Pack,$17.00,$1.70 / 1EA
Huggies Ultra Dry Nappies Girls Size 4 (10-15kg) 72 Pack,$39.00,$0.54 / 1EA
Little One's Baby Wipes 480 Pack,$11.50,$2.40 / 100EA
Little One's Size 5 Ultra Dry Nappies Walker 13-18kg Boys & Girls 44 Pack,$11.50,$0.26 / 1EA
Huggies Ultra Dry Nappies Boys Size 5 (13-18kg) 64 Pack,$39.00,$0.61 / 1EA
Huggies Thick Baby Wipes Fragrance Free 400 Pack,$18.00,$4.50 / 100EA
Little One's Size 6 Ultra Dry Nappies Junior 15-25kg Boys & Girls 40 Pack,$11.50,$0.29 / 1EA
Huggies Infant Nappies Size 2 (4-8kg) 96 Pack,$39.00,$0.41 / 1EA
Huggies Ultra Dry Nappies Boys Size 4 (10-15kg) 72 Pack,$39.00,$0.54 / 1EA
Huggies Ultra Dry Nappies Girls Size 4 (10-15kg) 72 Pack,$39.00,$0.54 / 1EA
Tommee Tippee Closer To Nature Moda Soothers 0 To 6 Months 2 Pack,$12.00,$6.00 / 1EA
Huggies Ultra Dry Nappies Boys Size 4 (10-15kg) 72 Pack,$39.00,$0.54 / 1EA
Huggies Ultra Dry Nappy Pants Girls Size 4 (9-14kg) 29 Pack,$13.00,$0.45 / 1EA
Valco Baby Pax Plus Change Table Ivory,$116.95,
Little One's Nappy Pants Toddler 10-15kg 25 Pack,$9.50,$0.38 / 1EA
Snacktacular Bits & Bobs Fruit Snack Apple & Mixed Berry 12+ Months 12g,$1.90,$15.83 / 100G
Huggies Drynites Night Time Pants For Boys 2-4 Years (13-20kg) 10 Pack,$11.00,$1.10 / 1EA
Rafferty's Garden Blueberry & Banana Custard Baby Food Pouch 6+ Months 120g,$2.15,$1.79 / 100G
Babylove Cosifit Nappies Size 5 (12-17kg) 28 Pack,$16.00,$0.57 / 1EA
Only Organic Mango Chicken & Coconut Rice 170g,$2.00,$1.18 / 100G
Macro Organic 6 Months+ Chicken With Sweetcorn & Pasta 120g,$2.05,$1.71 / 100G
Huggies Little Swimmers Disposable Swim Nappies Medium (11-15kg) 11 Pack,$17.00,$1.55 / 1EA
Heinz Baby Food Apple & Oatmeal 6+ Months 170g,$1.80,$1.06 / 100G
Tommee Tippee Closer To Nature Moda Soothers 6 To 18 Months 2 Pack,$12.00,$6.00 / 1EA
Huggies Infant Nappies Size 2 (4-8kg) 96 Pack,$39.00,$0.41 / 1EA
Only Organic Cheese & Carrot Lentil Rings 12g,$1.40,$11.67 / 100G
"Rafferty's Garden Baby Food Sweet Potato, Carrot & Barley 6+ Months 120g",$2.15,$1.79 / 100G
Only Organic Cheese & Quinoa Green Pea Sticks 12g,$1.40,$11.67 / 100G
"Heinz Baby Food 6+ Months Chicken, Sweetcorn & Mango 120g",$1.80,$1.50 / 100G
Only Organic Chicken Vegetables & Star Pasta 170g,$2.00,$1.18 / 100G
Only Organic Blueberry Banana And Vanilla Oat Milk 100g,$2.50,$2.50 / 100G
Only Organic Coconut Banana Acai 100g,$2.50,$2.50 / 100G
Macro Organic 6 Months+ Apple Berries & Fig With Yoghurt 120g,$1.60,$1.33 / 100G
Macro Baby Organic Vegetable Lasagne 6+ Months Food Pouch 120g,$2.05,$1.71 / 100G
Little One's Baby Wipes 480 Pack,$11.50,$2.40 / 100EA
Little One's Size 5 Ultra Dry Nappies Walker 13-18kg Boys & Girls 44 Pack,$11.50,$0.26 / 1EA
Huggies Ultra Dry Nappies Boys Size 5 (13-18kg) 64 Pack,$39.00,$0.61 / 1EA
Huggies Thick Baby Wipes Fragrance Free 400 Pack,$18.00,$4.50 / 100EA
Little One's Size 6 Ultra Dry Nappies Junior 15-25kg Boys & Girls 40 Pack,$11.50,$0.29 / 1EA
Huggies Infant Nappies Size 2 (4-8kg) 96 Pack,$39.00,$0.41 / 1EA
Huggies Ultra Dry Nappies Boys Size 4 (10-15kg) 72 Pack,$39.00,$0.54 / 1EA
Huggies Ultra Dry Nappies Girls Size 4 (10-15kg) 72 Pack,$39.00,$0.54 / 1EA
Johnson's Baby Conditioning Shampoo 500ml,$6.25,$1.25 / 100ML
Essentials Baby Oil 500ml,$3.00,$0.60 / 100ML
Tommee Tippee Closer To Nature Fun Style Soothers 6-18 Months Assorted 2 Pack,$12.00,$12.00 / 1EA
Babylove Cosifit Nappies Size 4 (9-14kg) 60 Pack,$30.00,$0.50 / 1EA
Snacktacular Yoghurty Puffs Puffed Corn Strawberry Yoghurt 9+ Months 12g,$1.90,$15.83 / 100G
Ecostore Baby Shampoo 200ml,$9.00,$4.50 / 100ML
Huggies Ultra Dry Nappies Girls Size 5 (13-18kg) 64 Pack,$39.00,$0.61 / 1EA
Only Organic Pear Gold Kiwifruit & Oats With Prebiotics 8+ Months 120g,$2.15,$1.79 / 100G
Little One's Size 1 Ultra Dry Nappies Newborn Up To 5kg Boys & Girls 30 Pack,$5.25,$0.18 / 1EA
Mum-mum Pea Snacks Original 12g,$1.50,$12.50 / 100G
Only Organic 6 Months+ Apple Banana & Mango 120g,$2.15,$1.79 / 100G
Heinz Mango & Vanilla Custard Baby Food Pouch 8+ Months 120g,$1.80,$1.50 / 100G
Huggies Ultra Dry Nappies Boys Size 6 (16kg+) 30 Pack,$22.00,$0.73 / 1EA
Squishmallows Squishville Mini Squishmallows Assorted 4pk,$20.00,
Only Organic Pumpkin Potato & Beef 8+ Months 170g,$2.00,$1.18 / 100G
Huggies Ultimate Nappies Size 4 (10-15kg) 58 Pack,$39.00,$0.67 / 1EA
Tommee Tippee Feeding Spoons 5 Pack,$9.20,$1.84 / 1EA
Huggies Ultra Dry Nappy Pants Boys Size 4 (9-14kg) 29 Pack,$13.00,$0.45 / 1EA
Johnson's Top-to-toe Baby Bath 500ml,$5.50,$1.10 / 100ML
Karicare 2 Baby Follow-on Formula From 6 To 12 Months 900g,$21.00,$2.33 / 100G
Baby Mum Mum Rice Rusks Strawberry 18 Pack,$3.85,$10.69 / 100G
Nestle Cerelac Baby Rice Cereal Stage 1 200g,$6.00,$3.00 / 100G
Bunjie Baby Probiotic Baby Wipes 3 X80 Pack,$15.20,$6.33 / 100EA
Nuby Teether Bug-a-loop Each,$12.50,$12.50 / 1EA
Little One's Baby Wipes 480 Pack,$11.50,$2.40 / 100EA
Little One's Size 5 Ultra Dry Nappies Walker 13-18kg Boys & Girls 44 Pack,$11.50,$0.26 / 1EA
Huggies Ultra Dry Nappies Boys Size 5 (13-18kg) 64 Pack,$39.00,$0.61 / 1EA
Huggies Thick Baby Wipes Fragrance Free 400 Pack,$18.00,$4.50 / 100EA
Little One's Size 6 Ultra Dry Nappies Junior 15-25kg Boys & Girls 40 Pack,$11.50,$0.29 / 1EA
Huggies Infant Nappies Size 2 (4-8kg) 96 Pack,$39.00,$0.41 / 1EA
Huggies Ultra Dry Nappies Boys Size 4 (10-15kg) 72 Pack,$39.00,$0.54 / 1EA
Huggies Ultra Dry Nappies Girls Size 4 (10-15kg) 72 Pack,$39.00,$0.54 / 1EA
Only Organic 6 Months+ Vanilla Bean Custard 120g,$2.15,$1.79 / 100G
Heinz Creamy Banana Porridge Baby Food Jar 6+ Months 110g,$1.00,$0.91 / 100G
Kiddylicious Strawberry Fruity Puffs 10g,$2.20,$22.00 / 100G
Whole Kids Organic Soft Cereal Biscuits - Oatmeal 120g,$6.00,$5.00 / 100G
Babylove Sleepynights Pants 2-4 Years (12-18kg) 12 Pack,$14.00,$1.17 / 1EA
Whole Kids Organic Mini Bites Oat & Banana 20g X4 Pack,$6.50,$8.13 / 100G
Only Organic Chicken Bolognese 170g,$2.00,$1.18 / 100G
Only Organic Mango Coconut & Quinoa 120g,$2.15,$1.79 / 100G
Huggies Ultra Dry Nappy Pants Boys Size 6 (15kg+) 48 Pack,$39.00,$0.81 / 1EA
Valco Baby Pax Plus Change Table - Slate Grey,$116.95,
"Heinz Lamb, Pumpkin + Sweet Potato Baby Food Jar 6+ Months 170g",$1.80,$1.06 / 100G
B.box Drink Bottle Straw & Cleaner Pack Each,$10.00,$10.00 / 1EA
Heinz Cutlery Weaning Spoons 2 Pack,$5.30,$2.65 / 1EA
Macro Organic 6 Months+ Beef With Vegetables & Rice 120g,$2.05,$1.71 / 100G
Only Organic Banana Mixed Berry Coconut & Chia 100g,$2.50,$2.50 / 100G
Snacktacular Yoghurty Puffs Puffed Corn Blueberry Yoghurt 9+ Months 12g,$1.90,$15.83 / 100G
Nestle Nan Comfort 3 Toddler 1+ Years Milk Drink Powder 800g,$16.00,$2.00 / 100G
Only Organic Sweet Pot Lamb & Couscous 170g,$2.00,$1.18 / 100G
Huggies Ultimate Nappy Pants Size 5 (14-18 Kg) 52 Pack,$39.00,$0.75 / 1EA
Only Organic 8 Months+ Carrot Red Lentils & Cheddar 120g,$2.15,$1.79 / 100G
Little One's Size 2 Ultra Dry Nappies Infant 4-8kg Boys & Girls 56 Pack,$11.50,$0.21 / 1EA
Disney Pixar Cars Mini Racers Assortment 3 Pack,$12.60,
Aptamil Allerpro Syneo 2 Follow-on Formula Allergy 6-12 Months 900g,$40.00,$4.44 / 100G
Only Organic Vegetable Chicken Risotto 1-5 Years 220g,$3.00,$1.36 / 100G
Little One's Baby Wipes 480 Pack,$11.50,$2.40 / 100EA
Little One's Size 5 Ultra Dry Nappies Walker 13-18kg Boys & Girls 44 Pack,$11.50,$0.26 / 1EA
Huggies Ultra Dry Nappies Boys Size 5 (13-18kg) 64 Pack,$39.00,$0.61 / 1EA
Huggies Thick Baby Wipes Fragrance Free 400 Pack,$18.00,$4.50 / 100EA
Little One's Size 6 Ultra Dry Nappies Junior 15-25kg Boys & Girls 40 Pack,$11.50,$0.29 / 1EA
Huggies Infant Nappies Size 2 (4-8kg) 96 Pack,$39.00,$0.41 / 1EA
Huggies Ultra Dry Nappies Boys Size 4 (10-15kg) 72 Pack,$39.00,$0.54 / 1EA
Huggies Ultra Dry Nappies Girls Size 4 (10-15kg) 72 Pack,$39.00,$0.54 / 1EA
Bluey Friends Plush Toy Assorted Each,$16.00,
Heinz Beef & Vegetable Casserole Baby Food Jar 8+ Months 170g,$1.80,$1.06 / 100G
Aptamil Gold+ 3 Toddler Milk Formula From 1+ Year 900g,$27.00,$3.00 / 100G
Only Organic Beef Bolognese 220g,$3.00,$1.36 / 100G
Baby Bellies Organic Carrot Puffs 35g,$4.75,$13.57 / 100G
Heinz Cutlery Feeding Spoons 2 Pack,$5.50,$2.75 / 1EA
Macro Organic 6 Months+ Pear Pea Potato & Spinach 120g,$1.60,$1.33 / 100G
Huggies Drynites Night Time Pants For Girls 2-4 Years (13-20kg) 10 Pack,$11.00,$1.10 / 1EA
Huggies Ultra Dry Nappies Boys Size 6 (16kg+) 60 Pack,$39.00,$39.00 / 1EA
Huggies Ultra Dry Nappies Girls Size 4 (10-15kg) 36 Pack,$22.00,$0.61 / 1EA
Babylove Cosifit Nappies Size 4 (9-14kg) 34 Pack,$16.00,$0.47 / 1EA
Huggies Ultra Dry Nappies Boys Size 5 (13-18kg) 32 Pack,$22.00,$0.69 / 1EA
Little Bellies Organic Apple & Strawberry Smoothie 90g,$2.00,$2.22 / 100G
The First Years Take & Toss Cups Spill Proof 4 Pack,$5.25,$1.31 / 1EA
First Response Pregnancy Test Instream 7 Pack,$35.50,$5.07 / 1EA
Huggies Ultra Dry Nappies Boys Size 4 (10-15kg) 36 Pack,$22.00,$0.61 / 1EA
Bellamy's Organic Banana & Apple Porridge 4 Months 120g,$2.30,$1.92 / 100G
Huggies Ultimate Nappies Size 5 (13-18kg) 52 Pack,$39.00,$0.75 / 1EA
Huggies Ultra Dry Nappy Pants Girls Size 5 (12-17kg) 54 Pack,$39.00,$0.72 / 1EA
Only Organic Mango Banana Passion Flaxseed Coconut & Flaxseed 100g,$2.50,$2.50 / 100G
Only Organic Oat Bars Banana & Raisin 6 Pack,$3.85,$3.21 / 100G
Bubs Organic Little Rollies Coconut 25g,$1.70,$6.80 / 100G
Huggies Ultra Dry Nappies Girls Size 3 (6-11kg) 90 Pack,$39.00,$0.43 / 1EA
Huggies Infant Nappies Size 2 (4-8kg) 48 Pack,$22.00,$0.46 / 1EA
Little One's Baby Wipes 480 Pack,$11.50,$2.40 / 100EA
Little One's Size 5 Ultra Dry Nappies Walker 13-18kg Boys & Girls 44 Pack,$11.50,$0.26 / 1EA
Huggies Ultra Dry Nappies Boys Size 5 (13-18kg) 64 Pack,$39.00,$0.61 / 1EA
Huggies Thick Baby Wipes Fragrance Free 400 Pack,$18.00,$4.50 / 100EA
Little One's Size 6 Ultra Dry Nappies Junior 15-25kg Boys & Girls 40 Pack,$11.50,$0.29 / 1EA
Huggies Infant Nappies Size 2 (4-8kg) 96 Pack,$39.00,$0.41 / 1EA
Huggies Ultra Dry Nappies Boys Size 4 (10-15kg) 72 Pack,$39.00,$0.54 / 1EA
Huggies Ultra Dry Nappies Girls Size 4 (10-15kg) 72 Pack,$39.00,$0.54 / 1EA
Zuru Coco Surprise Each,$8.00,$8.00 / 1EA
Only Organic Strawberry & Apple Oat Bars With Wholegrains 6 Pack,$3.85,$3.21 / 100G
Cetaphil Baby Gentle Wash & Shampoo 400ml,$15.80,$3.95 / 100ML
Only Organic Apple Blueberry Blackberry & Oats 120g,$2.15,$1.79 / 100G
Intex Airbed Prime Comfort - Queen,$172.80,
Huggies Ultra Dry Nappies Boys Size 3 (6-11kg) 90 Pack,$39.00,$0.43 / 1EA
Aptamil Gold+ 2 Baby Follow-on Formula From 6 To 12 Months 900g,$32.00,$3.56 / 100G
Tommee Tippee Sangenic Advanced Nappy Bin Disposal System Refill 6 Pack,$43.20,
Johnson's Bedtime Jasmine & Lily Scented Scented Baby Bath 500ml,$5.50,$1.10 / 100ML
Only Organic 4 Months+ Apple Peach & Apricot 120g,$2.15,$1.79 / 100G
Huggies Ultimate Nappy Pants Size 6 (15kg & Over) 46 Pack,$39.00,$0.85 / 1EA
Ecostore Baby Foaming Body Wash & Shampoo 250ml,$10.50,$4.20 / 100ML
Bunjie Baby Probiotic Baby Wipes 80 Pack,$7.00,$8.75 / 100EA
Baby Bellies Organic Apple & Cinnamon Puffs 35g,$4.75,$13.57 / 100G
Nestle Nan Optipro 1 From Birth Starter Baby Formula Powder 800g,$27.00,$3.38 / 100G
Little One's Ultra Dry Nappy Pants Size 7 - 18+ Kg 16 Pack,$9.50,$0.59 / 1EA
Whole Kids Organic Meltaway Sticks Corn 10g,$2.50,$25.00 / 100G
Jordans Cleaning Toothbrush Step Assorted Each,$5.50,
Babylove Nappy Pants Size 4 (9-14kg) 56 Pack,$31.00,$0.55 / 1EA
Babylove Nappy Pants Size 5 (12-17kg) 25 Pack,$17.00,$0.68 / 1EA
Huggies Ultra Dry Nappy Pants Boys Size 5 (12-17kg) 54 Pack,$39.00,$0.72 / 1EA
Bonds Zippy Wondersuit Size 0 Assorted Each,$26.00,
Bonds Zippy Wondersuit Size 1 Assorted Each,$26.00,
Only Organic 4 Months+ Banana & Apple 120g,$2.15,$1.79 / 100G
Little One's Baby Wipes 480 Pack,$11.50,$2.40 / 100EA
Little One's Size 5 Ultra Dry Nappies Walker 13-18kg Boys & Girls 44 Pack,$11.50,$0.26 / 1EA
Huggies Ultra Dry Nappies Boys Size 5 (13-18kg) 64 Pack,$39.00,$0.61 / 1EA
Huggies Thick Baby Wipes Fragrance Free 400 Pack,$18.00,$4.50 / 100EA
Little One's Size 6 Ultra Dry Nappies Junior 15-25kg Boys & Girls 40 Pack,$11.50,$0.29 / 1EA
Huggies Infant Nappies Size 2 (4-8kg) 96 Pack,$39.00,$0.41 / 1EA
Huggies Ultra Dry Nappies Boys Size 4 (10-15kg) 72 Pack,$39.00,$0.54 / 1EA
Huggies Ultra Dry Nappies Girls Size 4 (10-15kg) 72 Pack,$39.00,$0.54 / 1EA
Huggies Ultra Dry Nappies Girls Size 5 (13-18kg) 32 Pack,$22.00,$0.69 / 1EA
Little Bellies Organic Apricot Date & Oat Bar 5 Pack,$4.20,$0.84 / 1EA
Milton Anti Bacterial Tablets 30 Pack,$10.50,$0.35 / 1EA
Nestle Nan Optipro 3 Toddler 1+ Years Milk Drink Powder 800g,$23.00,$2.88 / 100G
Karicare 1 Baby Infant Formula From Birth To 6 Months 900g,$21.00,$2.33 / 100G
Nestle Nan Supremepro 2 Follow-on Premium Formula 6-12 Months 800g,$36.00,$4.50 / 100G
Aptamil Gold+ 1 Baby Infant Formula From Birth To 6 Months 900g,$32.00,$3.56 / 100G
Nestle Nan Supremepro 1 From Birth Premium Starter Baby Formula 800g,$36.00,$4.50 / 100G
Zuru Robo Alive Robo Fish Series 2 Each,$10.00,
"Only Organic Coconut, Strawberry & Goji With Organic Coconut Milk 100g",$2.50,$2.50 / 100G
Little Bellies Organic Animal Biscuits 130g,$5.50,$4.23 / 100G
Huggies Little Swimmers Disposable Swim Nappies Small (7-12kg) 12 Pack,$17.00,$1.42 / 1EA
"Cuddlies Bamboo Water Wipes, 100% Biodegradable Eco Baby Wipes 80 X 24 Pack",$99.00,$0.05 / 1EA
Little Bellies Organic Banana & Apple Oat Smoothie 90g,$2.00,$2.22 / 100G
Dreambaby 2-Up Step Stool - Aqua,$15.00,
Huggies Newborn Nappies Size 1 (up To 5kg) 108 Pack,$39.00,$0.36 / 1EA
Nestle Cerelac Oats & Wheat With Prune Baby Cereal Stage 2 200g,$6.00,$3.00 / 100G
Nuby Teether Keys Each,$12.00,$12.00 / 1EA
Tommee Tippee Advanced Anti Colic Fast Flow Teats 2 Pack,$12.00,
Babylove Nappy Pants Size 3 (7-11kg) 38 Pack,$17.00,$0.50 / 1EA
Bellamy's Organic Follow-on Formula Stage 2 From 6 Months 900g,$31.00,$3.44 / 100G
Whole Kids Organic Mini Abc Apple & Chia Biscuits Multipack 30g X4 Pack,$7.00,$5.83 / 100G
Little One's Baby Wipes 480 Pack,$11.50,$2.40 / 100EA
Little One's Size 5 Ultra Dry Nappies Walker 13-18kg Boys & Girls 44 Pack,$11.50,$0.26 / 1EA
Huggies Ultra Dry Nappies Boys Size 5 (13-18kg) 64 Pack,$39.00,$0.61 / 1EA
Huggies Thick Baby Wipes Fragrance Free 400 Pack,$18.00,$4.50 / 100EA
Little One's Size 6 Ultra Dry Nappies Junior 15-25kg Boys & Girls 40 Pack,$11.50,$0.29 / 1EA
Huggies Infant Nappies Size 2 (4-8kg) 96 Pack,$39.00,$0.41 / 1EA
Huggies Ultra Dry Nappies Boys Size 4 (10-15kg) 72 Pack,$39.00,$0.54 / 1EA
Huggies Ultra Dry Nappies Girls Size 4 (10-15kg) 72 Pack,$39.00,$0.54 / 1EA
Karicare 3 Toddler Milk Drink Formula From 12+ Months 900g,$20.00,$2.22 / 100G
Bonds Zip Wondersuit Size 2 Assorted Each,$26.00,
Aveeno Baby Daily Moisture Lightly Scented Wash & Shampoo 236ml,$12.50,$5.30 / 100ML
Bubs Organic Little Rollies Vanilla Rice Snack Hazelnut 25g,$1.70,$6.80 / 100G
Tommee Tippee Kalani Sensory Teether Toy Each,$10.20,
Baby Bellies Organic Pear & Vanilla Paws 12g,$2.00,$16.67 / 100G
Babylove Cosifit Nappies Size 3 (6-11kg) 72 Pack,$30.00,$41.67 / 100EA
Babylove Nappy Pants Size 4 (9-14kg) 28 Pack,$17.00,$0.61 / 1EA
Only Organic Macaroni Cheese 220g,$3.00,$1.36 / 100G
"Bellamys Organic Apple, Banana, Mango With Flaxseed Puree 120g",$2.30,$1.92 / 100G
Huggies Ultra Dry Nappies Girls Size 6 (16kg+) 30 Pack,$22.00,$0.73 / 1EA
Only Organic Kumara Crt & Coco Rice 170g,$2.00,$1.18 / 100G
Play Forest Friends Squirters 3 Pack,$5.00,$5.00 / 1EA
Aptamil Gold+ Reflux Baby Infant Formula From 0-12 Months 900g,$32.00,$3.56 / 100G
Huggies Newborn Nappies Size 1 (up To 5kg) 54 Pack,$22.00,$0.41 / 1EA
Only Organic Strawberry Biscotti 100g,$3.30,$3.30 / 100G
Swisspers Baby Cotton Tips 40 Pack,$2.70,
Huggies Ultra Dry Nappies Girls Size 6 (16kg+) 60 Pack,$39.00,$0.65 / 1EA
Little One's Bottle Brush Each,$7.75,$7.75 / 1EA
Little Bellies Organic Apple Mango & Peach Oat Smoothie 90g,$2.00,$2.22 / 100G
Valco Baby Pax Change Table Smoke Grey,$96.30,
Little Bellies Mango Yoghurt Pickup Sticks 16g,$3.75,$23.44 / 100G
Little One's Baby Wipes 480 Pack,$11.50,$2.40 / 100EA
Little One's Size 5 Ultra Dry Nappies Walker 13-18kg Boys & Girls 44 Pack,$11.50,$0.26 / 1EA
Huggies Ultra Dry Nappies Boys Size 5 (13-18kg) 64 Pack,$39.00,$0.61 / 1EA
Huggies Thick Baby Wipes Fragrance Free 400 Pack,$18.00,$4.50 / 100EA
Little One's Size 6 Ultra Dry Nappies Junior 15-25kg Boys & Girls 40 Pack,$11.50,$0.29 / 1EA
Huggies Infant Nappies Size 2 (4-8kg) 96 Pack,$39.00,$0.41 / 1EA
Huggies Ultra Dry Nappies Boys Size 4 (10-15kg) 72 Pack,$39.00,$0.54 / 1EA
Huggies Ultra Dry Nappies Girls Size 4 (10-15kg) 72 Pack,$39.00,$0.54 / 1EA
Only Organic Lamb Pumpkin Barely 220g,$3.00,$1.36 / 100G
Clearblue Rapid Detection Pregnancy Test Each,$9.50,$9.50 / 1EA
Huggies Ultimate Nappy Pants Size 4 (10-15kg) 56 Pack,$39.00,$0.70 / 1EA
Only Organic Banana Biscotti 100g,$3.30,$3.30 / 100G
First Response Pregnancy Test Stream Each,$10.00,$10.00 / 1EA
Milton Antibacterial Concentrated Solution 500ml,$9.00,$1.80 / 100ML
Aptamil Profutura 1 Premium Infant Formula From Birth To 6 Months 900g,$45.00,$5.00 / 100G
Little Bellies Organic Banana Date & Oat Bar 5 Pack,$4.20,
Aptamil Profutura 2 Premium Follow-on Formula From 6 To 12 Months 900g,$45.00,$5.00 / 100G
"Clearblue Pregnancy Test, Rapid Detection 3 Pack",$18.00,$6.00 / 1EA
Little Bellies Gingerbread Men 130g,$5.50,$4.23 / 100G
Nestle Cerelac Multigrain With Banana & Apple Baby Cereal Stage 3 200g,$6.00,$3.00 / 100G
Tommee Tippee Big Kids First Cutlery Set Each,$10.20,$10.20 / 1EA
Bellamy's Organic Toddler Baby Formula Stage 3 900g,$32.30,$3.59 / 100G
Phillips Avent Teats 6 Months+ Fast Flow 2 Pack,$9.50,$4.75 / 1EA
A2 Platinum Follow On Formula Stage 2 900g,$40.50,$4.50 / 100G
Bluey Take Along Plush,$29.00,
Macro Baby Sweet Potato & Couscous 120g,$2.05,$1.71 / 100G
Tommee Tippee Closer To Nature Fun Style Soothers 0-6 Months Assorted 2 Pack,$12.00,$6.00 / 1EA
Bonds Baby Sportlet Socks Size 6-12m & 1-2y Assorted 3 Pack,$11.00,$3.67 / 1EA
Bellamy's Organic Milk & Vanilla Baby Rice 125g,$3.75,$3.00 / 100G
Bonds Zip Wondersuit Size 00 Assorted Each,$26.00,
Aptamil Gold+ 4 Junior Milk Formula From 2+ Years 900g,$27.00,$3.00 / 100G
Little One's Baby Wipes 480 Pack,$11.50,$2.40 / 100EA
Little One's Size 5 Ultra Dry Nappies Walker 13-18kg Boys & Girls 44 Pack,$11.50,$0.26 / 1EA
Huggies Ultra Dry Nappies Boys Size 5 (13-18kg) 64 Pack,$39.00,$0.61 / 1EA
Huggies Thick Baby Wipes Fragrance Free 400 Pack,$18.00,$4.50 / 100EA
Little One's Size 6 Ultra Dry Nappies Junior 15-25kg Boys & Girls 40 Pack,$11.50,$0.29 / 1EA
Huggies Infant Nappies Size 2 (4-8kg) 96 Pack,$39.00,$0.41 / 1EA
Huggies Ultra Dry Nappies Boys Size 4 (10-15kg) 72 Pack,$39.00,$0.54 / 1EA
Huggies Ultra Dry Nappies Girls Size 4 (10-15kg) 72 Pack,$39.00,$0.54 / 1EA
Bellamy's Organic Infant Baby Formula Stage 1 From Birth To 6 Mo 900g,$31.00,$3.44 / 100G
"Whole Kids Smoothie Drops Mango, Banana & Coconut Milk 20g",$6.20,$31.00 / 100G
Bepanthen Nappy Rash Ointment 100g,$15.50,$15.50 / 100G
Huggies Ultimate Nappies Size 3 (6-11kg) 72 Pack,$39.00,$0.54 / 1EA
"Weleda Baby Teething Powder, Helps Relieve Teething Discomfort, Natural, 60g",$24.95,$41.58 / 100G
"Whole Kids Smoothie Drops Blueberry, Banana & Coconut Milk 11+ M 20g",$6.20,$31.00 / 100G
Bellamy's Organic Baby Porridge 5 Months 125g,$3.75,$3.00 / 100G
Huggies Ultra Dry Nappies Girls Size 3 (6-11kg) 44 Pack,$22.00,$0.50 / 1EA
Curash Baby Rash Powder 100g,$8.00,$8.00 / 1EA
The First Years Take & Toss Bowl Plus Lid 8 Pack,$4.50,$4.50 / 1EA
Bouncy Pals Inflatable Ride-On Plush Unicorn w/ Pump 18m+,$69.00,
Babylove Cosifit Nappies Size 3 (6-11kg) 40 Pack,$16.00,$0.40 / 1EA
Bepanthen Antiseptic Soothing Cream 100g,$12.30,$12.30 / 100G
Huggies Ultra Dry Nappies Boys Size 3 (6-11kg) 44 Pack,$22.00,$0.50 / 1EA
Nestle Cerelac Multigrain With Pear Baby Cereal Stage 3 200g,$6.00,$3.00 / 100G
Baby Trend Sit N Stand Shopper Stroller Moondust,$289.00,
Heinz Pear & Blackberry Custard Baby Food Pouch 6+ Months 120g,$1.80,$1.50 / 100G
Kiddylicious Wafers Raspberry 4 Pack,$3.20,$20.00 / 100G
Nestle Nan Optipro 2 Follow-on Formula 6-12 Months Powder 800g,$27.00,$3.38 / 100G
Heinz Cauliflower & Salmon Risotto Baby Food Pouch 8+ Months 120g,$2.20,$1.83 / 100G
Huggies Drynites Disposable Bed Mats 7 Pack,$11.00,$1.57 / 1EA
Only Organic Chicken Sweetcorn & Brown Rice 6+ Months 120g,$2.15,$1.79 / 100G
Project Nursery Dreamweaver Bluetooth Speaker & Nightlight,$39.00,
A2 Platinum Junior Milk Drink Stage 3 900g,$38.00,$4.22 / 100G
Little One's Baby Wipes 480 Pack,$11.50,$2.40 / 100EA
Little One's Size 5 Ultra Dry Nappies Walker 13-18kg Boys & Girls 44 Pack,$11.50,$0.26 / 1EA
Huggies Ultra Dry Nappies Boys Size 5 (13-18kg) 64 Pack,$39.00,$0.61 / 1EA
Huggies Thick Baby Wipes Fragrance Free 400 Pack,$18.00,$4.50 / 100EA
Little One's Size 6 Ultra Dry Nappies Junior 15-25kg Boys & Girls 40 Pack,$11.50,$0.29 / 1EA
Huggies Infant Nappies Size 2 (4-8kg) 96 Pack,$39.00,$0.41 / 1EA
Huggies Ultra Dry Nappies Boys Size 4 (10-15kg) 72 Pack,$39.00,$0.54 / 1EA
Huggies Ultra Dry Nappies Girls Size 4 (10-15kg) 72 Pack,$39.00,$0.54 / 1EA
Nestle Nan Supremepro 3 Toddler 1+ Years Premium Milk Drink Powder 800g,$28.00,$3.50 / 100G
Oricom NFS100 Infrared Forehead Thermometer,$64.95,$64.95 / 1EA
First Response Pregnancy Test Dip Read 3 Pack,$12.80,$4.27 / 1EA
Bonds Zip Wondersuit Size 000 Assorted Each,$26.00,
Gaia Natural Baby Biodegradable Nappy Bags 50 Pack,$7.00,$0.14 / 1EA
Huggies Ultra Dry Nappy Pants Girls Size 6 (15kg+) 48 Pack,$39.00,$0.81 / 1EA
Sudocrem Healing Nappy Rash Soothing Cream 250g,$31.00,$31.00 / 1EA
Only Organic Pear & Mango Super Smooth 4+ Months 120g,$2.15,$1.79 / 100G
Wotnot Natural Sunscreen SPF 30 Suitable For 3 Months+ 100g,$22.95,$22.95 / 100G
Babylove Cosifit Infant Nappies Size 2 (3-8kg) 44 Pack,$16.00,$0.36 / 1EA
Bonds Kids Logo Low Cut Socks Size 2-4 Assorted 2 Pack,$9.00,
Yookidoo Spin N Sprinkle Water Lab Kids Bath Toy,$35.00,
A2 Platinum Infant Formula Stage 1 900g,$40.50,$4.50 / 100G
Huggies Ultra Dry Nappy Pants Girls Size 3 (6-12kg) 36 Pack,$13.00,$0.36 / 1EA
Aptamil Allerpro Syneo 1 Baby Formula Allergy From Birth To 6 Months 900g,$40.00,$4.44 / 100G
Little One's Gentle Cleansing Bubble Bath Fruity Fragrance 500ml,$5.00,$1.00 / 100ML
Babylove Cosifit Infant Nappies Size 2 (3-8kg) 76 Pack,$30.00,$39.47 / 100EA
Little Bellies Berry Yoghurt Pickup Sticks 16g,$3.75,$23.44 / 100G
"Whole Kids Teething Wafers Raspberry, Beetroot & Chia 8+ Months 6 Pack",$6.20,$31.00 / 100G
Little Wishes Silicone Teats Fast Flow 2 Pack,$3.50,$3.50 / 1EA
Avent Air Deco Soother 18m Plus 2 Pack,$12.00,$6.00 / 1EA
Little One's Baby Wipes 480 Pack,$11.50,$2.40 / 100EA
Little One's Size 5 Ultra Dry Nappies Walker 13-18kg Boys & Girls 44 Pack,$11.50,$0.26 / 1EA
Huggies Ultra Dry Nappies Boys Size 5 (13-18kg) 64 Pack,$39.00,$0.61 / 1EA
Huggies Thick Baby Wipes Fragrance Free 400 Pack,$18.00,$4.50 / 100EA
Little One's Size 6 Ultra Dry Nappies Junior 15-25kg Boys & Girls 40 Pack,$11.50,$0.29 / 1EA
Huggies Infant Nappies Size 2 (4-8kg) 96 Pack,$39.00,$0.41 / 1EA
Huggies Ultra Dry Nappies Boys Size 4 (10-15kg) 72 Pack,$39.00,$0.54 / 1EA
Huggies Ultra Dry Nappies Girls Size 4 (10-15kg) 72 Pack,$39.00,$0.54 / 1EA
Aptamil Profutura 3 Premium Toddler Nutrition Supplement + 1 Year 900g,$43.00,$4.78 / 100G
Gaia Natural Baby Hair & Body Wash 500ml,$17.00,$3.40 / 100ML
Tooshies Eco Nappies Size 1 Newborn 3-5kg 52 Pack,$26.00,$26.00 / 1EA
Only Organic Apple Coconut & Flaxseed Biscuits 100g,$5.50,$5.50 / 100G
Underworks Infant Patterned Crew 4 Pack,$7.00,$1.75 / 1EA
Vtech Put & Take Dumper Truck,$24.00,
"Ecoriginals 3 X 70 Pack Purified New Zealand Water Baby Eco Wipes, Plant Based + Biodegradable",$24.95,$11.88 / 100EA
Medela Solo Single Electric Breast Pump,$209.00,
VeeBee Doubletake Tandem Stroller - Salt & Pepper,$399.00,$399.00 / 1EA
B.box Sippy Cup Assorted Each,$16.50,$16.50 / 1EA
Bubs Goat Stage 2 Formula Stage 2 800g,$39.00,$4.88 / 100G
Huggies Ultra Dry Nappy Pants Girls Size 4 (9-14kg) 62 Pack,$39.00,$0.63 / 1EA
"Clearblue Digital Pregnancy Test, Weeks Indicator Each",$20.00,$20.00 / 1EA
Curash Gentle Shampoo & Conditioner 400ml,$9.00,$2.25 / 100ML
Nuk Space Silicone Soother 18-36 Months 2 Pack,$13.00,$13.00 / 1EA
Bellamys Organic Chocolate Custard 6+ Months 120g,$2.30,$1.92 / 100G
Bopeep Kids Playpen Baby Safety Gate Toddler Fence Child Play Game Toy 18 Panels White Candy Yellow,$144.95,
Little Bellies Organic Banana Puree 90g,$2.00,$2.22 / 100G
Phillips Avent Animal Soother 0-6 Months 2 Pack,$11.20,$5.60 / 1EA
Tommee Tippee Roll N Go Bibs 2 Pack,$17.00,
Yookidoo Shake Me Rattles Baby Toy Cow,$24.00,
Little One's Baby Wipes 480 Pack,$11.50,$2.40 / 100EA
Little One's Size 5 Ultra Dry Nappies Walker 13-18kg Boys & Girls 44 Pack,$11.50,$0.26 / 1EA
Huggies Ultra Dry Nappies Boys Size 5 (13-18kg) 64 Pack,$39.00,$0.61 / 1EA
Huggies Thick Baby Wipes Fragrance Free 400 Pack,$18.00,$4.50 / 100EA
Little One's Size 6 Ultra Dry Nappies Junior 15-25kg Boys & Girls 40 Pack,$11.50,$0.29 / 1EA
Huggies Infant Nappies Size 2 (4-8kg) 96 Pack,$39.00,$0.41 / 1EA
Huggies Ultra Dry Nappies Boys Size 4 (10-15kg) 72 Pack,$39.00,$0.54 / 1EA
Huggies Ultra Dry Nappies Girls Size 4 (10-15kg) 72 Pack,$39.00,$0.54 / 1EA
