Product Name,Price,Price per Unit
Fresh Fodder Hommous Dip 200g,$5.40,$2.70 / 100G
Fresh Fodder Tzatziki 200g,$5.40,$2.70 / 100G
Fresh Fodder Taramosalata 200g,$5.40,$2.70 / 100G
Red Rock Deli Classics Sweet Chilli & Sour Cream 190g,$4.40,$2.32 / 100G
Macro Firm Tofu 450g,$3.00,$6.67 / 1KG
Primo Hungarian Salami Mild 80g,$3.70,$46.25 / 1KG
K R Castlemaine Hungarian Salami Mild Sliced From The Deli Per Kg,$34.50,$34.50 / 1KG
Ingham's Oven Roasted Turkey Breast Sliced From The Deli Per Kg,$30.00,$30.00 / 1KG
Mayfair Hungarian Salami Mild 100g,$2.20,$22.00 / 1KG
D'orsogna Tasty Sticks Mild From The Deli Per Kg,$33.50,$33.50 / 1KG
Obela Classic Guacamole 220g,$5.50,$2.50 / 100G
Obela Tzatziki Dip Classic 220g,$5.00,$2.27 / 100G
Obela Sweet Beetroot Garnished Hommus 220g,$5.00,$2.27 / 100G
Obela Hommus Garnished With Zesty Jalapenos 220g,$5.00,$2.27 / 100G
Ingham's Oven Roasted Turkey Breast Shaved From The Deli Per Kg,$30.00,$30.00 / 1KG
Bertocchi Soppressa Salami Hot Sliced From The Deli Per Kg,$36.00,$36.00 / 1KG
Macro Satay Tofu 200g,$4.50,$22.50 / 1KG
Bertocchi Soppressa Salami Mild Sliced From The Deli Per Kg,$36.00,$36.00 / 1KG
Macro Classic Tofu Regular 300g,$2.30,$7.67 / 1KG
Woolworths Corned Beef Shaved Per Kg,$25.00,$25.00 / 1KG
Macro Silken Tofu 300g,$2.30,$7.67 / 1KG
Primo Danish Salami Mild Shaved From The Deli Per Kg,$31.00,$31.00 / 1KG
D'orsogna Tasty Sticks Mild 200g,$7.40,$37.00 / 1KG
Primo Danish Salami 80g,$3.70,$46.25 / 1KG
Primo Turkey Breast 80g,$3.70,$46.25 / 1KG
Krc Hungarian Salami Mild Shaved From The Deli Per Kg,$34.50,$34.50 / 1KG
D'orsogna Hungarian Salami 4 Pack,$7.40,$30.83 / 1KG
Macro Honey Soy Tofu 200g,$4.50,$22.50 / 1KG
Woolworths Corned Beef Sliced From The Deli Per Kg,$25.00,$25.00 / 1KG
Hans Striker Salami Sticks 15g,$0.95,$63.33 / 1KG
D'orsogna Deli Fresh Mild Salami 80g,$2.80,$35.00 / 1KG
K R Castlemaine Hungarian Salami Hot Sliced From The Deli Per Kg,$34.50,$34.50 / 1KG
Fresh Fodder Hommous Dip 200g,$5.40,$2.70 / 100G
Fresh Fodder Tzatziki 200g,$5.40,$2.70 / 100G
Fresh Fodder Taramosalata 200g,$5.40,$2.70 / 100G
Red Rock Deli Classics Sweet Chilli & Sour Cream 190g,$4.40,$2.32 / 100G
Macro Firm Tofu 450g,$3.00,$6.67 / 1KG
Primo Hungarian Salami Mild 80g,$3.70,$46.25 / 1KG
K R Castlemaine Hungarian Salami Mild Sliced From The Deli Per Kg,$34.50,$34.50 / 1KG
Ingham's Oven Roasted Turkey Breast Sliced From The Deli Per Kg,$30.00,$30.00 / 1KG
Mayfair Hungarian Salami Mild 100g,$2.20,$22.00 / 1KG
D'orsogna Tasty Sticks Mild From The Deli Per Kg,$33.50,$33.50 / 1KG
Obela Classic Guacamole 220g,$5.50,$2.50 / 100G
Obela Tzatziki Dip Classic 220g,$5.00,$2.27 / 100G
Obela Sweet Beetroot Garnished Hommus 220g,$5.00,$2.27 / 100G
Obela Hommus Garnished With Zesty Jalapenos 220g,$5.00,$2.27 / 100G
Ingham's Oven Roasted Turkey Breast Shaved From The Deli Per Kg,$30.00,$30.00 / 1KG
Bertocchi Soppressa Salami Hot Sliced From The Deli Per Kg,$36.00,$36.00 / 1KG
Macro Satay Tofu 200g,$4.50,$22.50 / 1KG
Bertocchi Soppressa Salami Mild Sliced From The Deli Per Kg,$36.00,$36.00 / 1KG
Macro Classic Tofu Regular 300g,$2.30,$7.67 / 1KG
Woolworths Corned Beef Shaved Per Kg,$25.00,$25.00 / 1KG
Macro Silken Tofu 300g,$2.30,$7.67 / 1KG
Primo Danish Salami Mild Shaved From The Deli Per Kg,$31.00,$31.00 / 1KG
D'orsogna Tasty Sticks Mild 200g,$7.40,$37.00 / 1KG
Primo Danish Salami 80g,$3.70,$46.25 / 1KG
Primo Turkey Breast 80g,$3.70,$46.25 / 1KG
Krc Hungarian Salami Mild Shaved From The Deli Per Kg,$34.50,$34.50 / 1KG
D'orsogna Hungarian Salami 4 Pack,$7.40,$30.83 / 1KG
Macro Honey Soy Tofu 200g,$4.50,$22.50 / 1KG
Woolworths Corned Beef Sliced From The Deli Per Kg,$25.00,$25.00 / 1KG
Hans Striker Salami Sticks 15g,$0.95,$63.33 / 1KG
D'orsogna Deli Fresh Mild Salami 80g,$2.80,$35.00 / 1KG
K R Castlemaine Hungarian Salami Hot Sliced From The Deli Per Kg,$34.50,$34.50 / 1KG
Champagne Leg Ham Shaved From The Deli Per Kg,$22.00,$22.00 / 1KG
D'orsogna Ham Leg Shaved 400g,$6.50,$16.25 / 1KG
Essentials Garlic Bread 450g,$2.30,$0.51 / 100G
D'orsogna Ham Leg Triple Smoked 97% Fat Free Shaved 1kg,$22.50,$22.50 / 1KG
Primo Champagne Ham Thinly Sliced 100g,$3.70,$37.00 / 1KG
Woolworths Short Cut Bacon 200g,$4.30,$21.50 / 1KG
D'orsogna Middle Bacon Per Kg,$12.00,$12.00 / 1KG
Macro Firm Tofu 450g,$3.00,$6.67 / 1KG
Willow Farm Dip Tzatziki 200g,$2.50,$1.25 / 100G
Primo Pepperoni Salami Hot 80g,$3.70,$46.25 / 1KG
Evergreen Wonton Wrappers 300g,$3.30,$1.10 / 100G
Woolworths Fresh Creamy Pumpkin Soup 300g,$3.00,$1.00 / 100G
Yumi's Traditional Middle Eastern Hommus Dip 200g,$3.50,$1.75 / 100G
K R Castlemaine Hungarian Salami Shaved Hot From The Deli Per Kg,$34.50,$34.50 / 1KG
San Marino Hungarian Mild Salami 100g,$7.50,$75.00 / 1KG
Macro Classic Tofu Regular 500g,$4.50,$9.00 / 1KG
Macro Plain Tempeh 300g,$5.00,$16.67 / 1KG
Vegie Delights Plant Based Vegie Sausages 300g,$7.50,$25.00 / 1KG
Woolworths Fresh Chicken & Corn Soup Asian Style 300g,$3.00,$1.00 / 100G
Don Salami Danish 200g,$8.50,$42.50 / 1KG
Woolworths Potato & Leek Soup 300g,$3.00,$1.00 / 100G
D'orsogna Middle Bacon Per Kg,$12.00,$12.00 / 1KG
D'orsogna Deli Fresh Spicy Chorizo Salami 80g,$2.80,$35.00 / 1KG
Bertocchi Pepper Crusted Chili Soppressa Salami Sliced From The Deli Per Kg,$36.00,$36.00 / 1KG
Primo Hungarian Salami Hot 80g,$3.70,$46.25 / 1KG
Chris' Dips Tzatziki 200g,$4.50,$2.25 / 100G
Woolworths Chicken & Vegetable Soup Low Fat 300g,$3.00,$1.00 / 100G
Yumi's Zucchini & Lentil Bites 225g,$6.00,$26.67 / 1KG
Champagne Leg Ham Shaved From The Deli Per Kg,$22.00,$22.00 / 1KG
Woolworths Fresh Chicken Noodle Soup 300g,$3.00,$1.00 / 100G
Yumi's Traditional Middle Eastern Hommus Dip 1kg,$8.00,$0.80 / 100G
Woolworths Creamy Potato Salad 250g,$3.80,$1.52 / 100G
Champagne Leg Ham Shaved From The Deli Per Kg,$22.00,$22.00 / 1KG
D'orsogna Ham Leg Shaved 400g,$6.50,$16.25 / 1KG
Essentials Garlic Bread 450g,$2.30,$0.51 / 100G
D'orsogna Ham Leg Triple Smoked 97% Fat Free Shaved 1kg,$22.50,$22.50 / 1KG
Primo Champagne Ham Thinly Sliced 100g,$3.70,$37.00 / 1KG
Woolworths Short Cut Bacon 200g,$4.30,$21.50 / 1KG
D'orsogna Middle Bacon Per Kg,$12.00,$12.00 / 1KG
Macro Firm Tofu 450g,$3.00,$6.67 / 1KG
Don Salami Pepperoni 200g,$8.50,$42.50 / 1KG
Woolworths Hotdogs 500g,$3.00,$6.00 / 1KG
Primo Speck Portion Min. 380g,$11.02,$29.00 / 1KG
Woolworths Cocktail Frankfurts 500g,$3.00,$6.00 / 1KG
D'orsogna Deli Fresh Lightly Smoked Turkey 80g,$2.80,$35.00 / 1KG
Essentials Garlic Bread 450g,$2.30,$0.51 / 100G
Don Cocktail Frankfurts From The Deli Per Kg,$9.00,$9.00 / 1KG
Primo Silverside Beef 80g,$3.70,$46.25 / 1KG
D'orsogna Ham Leg Shaved 400g,$6.50,$16.25 / 1KG
Don Strasburg Roll 500g,$7.30,$14.60 / 1KG
D'orsogna Ham Leg Triple Smoked 97% Fat Free Shaved 1kg,$22.50,$22.50 / 1KG
Woolworths Fresh Pea & Ham Soup 300g,$3.00,$1.00 / 100G
Woolworths Creamy Pasta Salad 800g,$7.00,$0.88 / 100G
Woolworths Tabbouleh With Mixed Grain Salad 350g,$5.80,$1.66 / 100G
Don Salami Sliced Pepperoni 100g,$4.25,$42.50 / 1KG
Don Salami Hungarian Hot 200g,$8.50,$42.50 / 1KG
Leggos Fresh Veal Tortellini 630g,$7.00,$1.11 / 100G
Primo Champagne Ham Thinly Sliced 100g,$3.70,$37.00 / 1KG
Yumi's Sweet Potato & Cashews Dip 200g,$3.50,$1.75 / 100G
Woolworths Creamy Pasta Salad 250g,$3.80,$1.52 / 100G
Yumi's Original Falafel Balls 225g,$5.55,$24.67 / 1KG
Don Salami Hungarian Plain 200g,$8.50,$42.50 / 1KG
Champagne Leg Ham Shaved From The Deli Per Kg,$22.00,$22.00 / 1KG
D'orsogna Ham Leg Shaved 400g,$6.50,$16.25 / 1KG
Essentials Garlic Bread 450g,$2.30,$0.51 / 100G
D'orsogna Ham Leg Triple Smoked 97% Fat Free Shaved 1kg,$22.50,$22.50 / 1KG
Primo Champagne Ham Thinly Sliced 100g,$3.70,$37.00 / 1KG
Woolworths Short Cut Bacon 200g,$4.30,$21.50 / 1KG
D'orsogna Middle Bacon Per Kg,$12.00,$12.00 / 1KG
Macro Firm Tofu 450g,$3.00,$6.67 / 1KG
Yumi's Pumpkin & Spinach Bites 225g,$6.00,$26.67 / 1KG
D'orsogna Plain Streaky Bacon From The Deli Per Kg,$18.00,$18.00 / 1KG
Woolworths Chunky Vegetable Soup 300g,$3.00,$1.00 / 100G
Obela Tzatziki Dip Classic 220g,$5.00,$2.27 / 100G
Latina Fresh Veal Tortellini Pasta 625g,$8.50,$1.36 / 100G
Supreme Foods Roti Mini Chilled Meal 125g,$3.55,$2.84 / 100G
Yumi's Avocado Dip 200g,$3.50,$1.75 / 100G
The Salad Servers Turmeric Cauliflower & Cranberry Salad 300g,$6.95,$2.32 / 100G
Primo Chorizo 2 Pack,$7.30,$29.20 / 1KG
Moira Mac's Oven Roasted Chicken Breast Shredded From The Deli Per Kg,$27.50,$27.50 / 1KG
San Marino Danish Salami 100g,$7.50,$75.00 / 1KG
Don Thin Frankfurts From The Deli Per Kg,$9.00,$9.00 / 1KG
Primo Kransky Cheese From The Deli Per Kg,$21.60,$21.60 / 1KG
Chan's Yum Cha Vegan Spring Roll 300g,$5.50,$1.83 / 100G
San Marino Platter Continental 180g,$13.50,$75.00 / 1KG
Primo Kransky Double Smoked From The Deli Per Kg,$21.60,$21.60 / 1KG
Woolworths Creamy Potato Salad 800g,$7.00,$0.88 / 100G
Yumi's Mini Hommus 65g X3 Pack,$3.50,$1.79 / 100G
V2 Plant Based Mince 400g,$7.50,$18.75 / 1KG
D'orsogna Jarrah Honey Ham Off The Bone Freshly Sliced From The Deli Per Kg,$29.00,$29.00 / 1KG
The Salad Servers Quinoa Tabbouleh 300g,$6.95,$2.32 / 100G
Yumi's Sesame Falafel Balls 225g,$5.55,$24.67 / 1KG
V2 Plant Based Classic British Sausages 6 Pack 390g,$8.50,$21.79 / 1KG
Champagne Leg Ham Shaved From The Deli Per Kg,$22.00,$22.00 / 1KG
D'orsogna Ham Leg Shaved 400g,$6.50,$16.25 / 1KG
Essentials Garlic Bread 450g,$2.30,$0.51 / 100G
D'orsogna Ham Leg Triple Smoked 97% Fat Free Shaved 1kg,$22.50,$22.50 / 1KG
Primo Champagne Ham Thinly Sliced 100g,$3.70,$37.00 / 1KG
Woolworths Short Cut Bacon 200g,$4.30,$21.50 / 1KG
D'orsogna Middle Bacon Per Kg,$12.00,$12.00 / 1KG
Macro Firm Tofu 450g,$3.00,$6.67 / 1KG
San Marino Soppressa Mild Salami 100g,$7.50,$75.00 / 1KG
Leggos Fresh Ricotta & Vegetable Tortellini 630g,$7.00,$1.11 / 100G
Chris' Homestyle Dip & Spread Tzatziki 3 Pack,$3.00,$1.67 / 100G
Mayfair Devon Slices 100g,$1.30,$13.00 / 1KG
Woolworths Creamy Pasta Salad 400g,$5.50,$1.38 / 100G
Don Famous Football Hot Dogs Skinless 375g,$6.00,$16.00 / 1KG
Strength Meals Co Chicken Laksa High Protein Soup 400g,$4.70,$1.18 / 100G
Chris' Taramosalata Homestyle Caviar Dip 200g,$4.50,$2.25 / 100G
D'orsogna Ham Honey Leg Shaved 400g,$6.50,$16.25 / 1KG
D'orsogna Chorizo From The Deli Per Kg,$24.00,$24.00 / 1KG
D'orsogna Triple Smoked Leg Ham 97% Fat Free Sliced From The Deli Per Kg,$22.50,$22.50 / 1KG
Woolworths Shortcut Bacon 500g,$8.00,$16.00 / 1KG
Deli Leg Ham Shaved From The Deli Per Kg,$18.00,$18.00 / 1KG
San Marino Artisan Selection Platter 110g,$8.50,$77.27 / 1KG
Woolworths Corned Beef Silverside Portion 500g - 1.1kg,$22.00,$20.00 / 1KG
The Salad Servers Lentil Salad 800g,$11.55,$1.44 / 100G
San Marino Salami Soppressa Hot 100g,$7.50,$75.00 / 1KG
Leggos Fresh Beef Tomato & Parmesan Ravioli 630g,$7.00,$1.11 / 100G
Yumi's Roasted Beetroot Hommus Dip 200g,$3.50,$1.75 / 100G
Hans Devon Sliced Per Kg,$9.60,$9.60 / 1KG
D'orsogna Tasty Sticks Peri Peri From The Deli Per Kg,$33.50,$33.50 / 1KG
Don Salami White Hungarian 200g,$8.50,$42.50 / 1KG
Champagne Leg Ham Sliced From The Deli Per Kg,$22.00,$22.00 / 1KG
D'orsogna Diced Bacon Per Kg,$16.00,$16.00 / 1KG
Champagne Leg Ham Shaved From The Deli Per Kg,$22.00,$22.00 / 1KG
D'orsogna Ham Leg Shaved 400g,$6.50,$16.25 / 1KG
Essentials Garlic Bread 450g,$2.30,$0.51 / 100G
D'orsogna Ham Leg Triple Smoked 97% Fat Free Shaved 1kg,$22.50,$22.50 / 1KG
Primo Champagne Ham Thinly Sliced 100g,$3.70,$37.00 / 1KG
Woolworths Short Cut Bacon 200g,$4.30,$21.50 / 1KG
D'orsogna Middle Bacon Per Kg,$12.00,$12.00 / 1KG
Macro Firm Tofu 450g,$3.00,$6.67 / 1KG
