Product Name,Price,Price per Unit
Olay Total Effects Face Cream Moisturiser Normal Skin Care 50g,$40.00,$80.00 / 100G
Olay Regenerist Micro-sculpting Face Cream Moisturiser 50g,$60.00,$120.00 / 100G
Olay Regenerist Whips Face Cream Moisturiser Uv Spf 30 50g,$60.00,$120.00 / 100G
Nivea Cellular Serum 30ml,$27.00,$90.00 / 100ML
Essentials Facial Tissues 224 Pack,$1.70,$0.76 / 100SS
Kleenex Everyday 2 Ply Facial Tissues 200 Pack,$3.00,$1.50 / 100SS
Quilton Facial Tissues Soft White 95 Pack,$1.40,$1.47 / 100SS
Kleenex Aloe Vera & Vitamin E 3 Ply Facial Tissues 140 Pack,$3.60,$2.57 / 100SS
Quilton 2ply Tissue Hypo-allergenic 250 Pack,$2.90,$1.16 / 100SS
Quilton Gold 4 Ply Tissues Aloe Vera 100 Pack,$2.20,$2.20 / 100SS
Olay Regenerist Collagen Peptide Moisturiser Skin Care 50g,$60.00,$120.00 / 100G
Olay Regenerist Retinol 24 Night Moisturiser Face Cream 50g,$59.00,$118.00 / 100G
Olay Regenerist Face Cream Moisturiser Fragrance Free 48g,$60.00,$125.00 / 100G
Olay Regenerist Retinol 24 Night Face Serum 30ml,$60.00,$200.00 / 100ML
Kleenex Eucalyptus 3 Ply Facial Tissues 95 Pack,$2.60,$2.74 / 100SS
Sorbent Facial Tissues Thick & Large White 95 Pack,$2.20,$2.32 / 100SS
Kleenex Aloe Vera & Vitamin E 3 Ply Facial Tissues 95 Pack,$2.60,$2.74 / 100SS
Colgate Total Original Antibacterial Toothpaste 200g,$6.00,$3.00 / 100G
Symphony Facial Tissues White 228ss 3 Pack,$5.00,$0.73 / 100SS
Kleenex Large & Thick 3 Ply Facial Tissues 95 Pack,$2.80,$2.95 / 100SS
Quilton Facial Tissue White 3ply 55ss White 3ply Each,$2.30,$4.18 / 100SS
Kleenex Eucalyptus 3 Ply Facial Tissues 140 Pack,$3.60,$2.57 / 100SS
Kleenex Soft & Thick 3 Ply Facial Tissues 95 Pack,$2.70,$2.84 / 100SS
Palmolive Naturals Replenishing Bar Soap Milk & Honey 90g X4 Pack,$5.00,$1.39 / 100G
Colgate Maximum Cavity Protection Toothpaste 180g,$3.50,$1.94 / 100G
Sorbent Hypo-allergenic Pure White Tissues 170 Pack,$2.00,$1.18 / 100SS
Colgate Total Original Antibacterial Toothpaste 115g,$4.00,$3.48 / 100G
Colgate Triple Action With Extra Micro Cleaning Minerals 165g,$3.50,$2.12 / 100G
U By Kotex Tampons Regular Regular 16 Pack,$3.50,$0.22 / 1EA
Macleans Toothpaste Multi Action Whitening Fluoride 170g,$3.50,$2.06 / 100G
Kleenex Aloe Vera & Vitamin E 3 Ply Large & Thick Facial Tissues 70 Pack,$2.60,$3.71 / 100SS
Colgate Sensitive Teeth Pain Whitening Fluoride Toothpaste 110g,$9.00,$8.18 / 100G
Olay Total Effects Face Cream Moisturiser Normal Skin Care 50g,$40.00,$80.00 / 100G
Olay Regenerist Micro-sculpting Face Cream Moisturiser 50g,$60.00,$120.00 / 100G
Olay Regenerist Whips Face Cream Moisturiser Uv Spf 30 50g,$60.00,$120.00 / 100G
Nivea Cellular Serum 30ml,$27.00,$90.00 / 100ML
Essentials Facial Tissues 224 Pack,$1.70,$0.76 / 100SS
Kleenex Everyday 2 Ply Facial Tissues 200 Pack,$3.00,$1.50 / 100SS
Quilton Facial Tissues Soft White 95 Pack,$1.40,$1.47 / 100SS
Kleenex Aloe Vera & Vitamin E 3 Ply Facial Tissues 140 Pack,$3.60,$2.57 / 100SS
Quilton 2ply Tissue Hypo-allergenic 250 Pack,$2.90,$1.16 / 100SS
Quilton Gold 4 Ply Tissues Aloe Vera 100 Pack,$2.20,$2.20 / 100SS
Olay Regenerist Collagen Peptide Moisturiser Skin Care 50g,$60.00,$120.00 / 100G
Olay Regenerist Retinol 24 Night Moisturiser Face Cream 50g,$59.00,$118.00 / 100G
Olay Regenerist Face Cream Moisturiser Fragrance Free 48g,$60.00,$125.00 / 100G
Olay Regenerist Retinol 24 Night Face Serum 30ml,$60.00,$200.00 / 100ML
Kleenex Eucalyptus 3 Ply Facial Tissues 95 Pack,$2.60,$2.74 / 100SS
Sorbent Facial Tissues Thick & Large White 95 Pack,$2.20,$2.32 / 100SS
Kleenex Aloe Vera & Vitamin E 3 Ply Facial Tissues 95 Pack,$2.60,$2.74 / 100SS
Colgate Total Original Antibacterial Toothpaste 200g,$6.00,$3.00 / 100G
Symphony Facial Tissues White 228ss 3 Pack,$5.00,$0.73 / 100SS
Kleenex Large & Thick 3 Ply Facial Tissues 95 Pack,$2.80,$2.95 / 100SS
Quilton Facial Tissue White 3ply 55ss White 3ply Each,$2.30,$4.18 / 100SS
Kleenex Eucalyptus 3 Ply Facial Tissues 140 Pack,$3.60,$2.57 / 100SS
Kleenex Soft & Thick 3 Ply Facial Tissues 95 Pack,$2.70,$2.84 / 100SS
Palmolive Naturals Replenishing Bar Soap Milk & Honey 90g X4 Pack,$5.00,$1.39 / 100G
Colgate Maximum Cavity Protection Toothpaste 180g,$3.50,$1.94 / 100G
Sorbent Hypo-allergenic Pure White Tissues 170 Pack,$2.00,$1.18 / 100SS
Colgate Total Original Antibacterial Toothpaste 115g,$4.00,$3.48 / 100G
Colgate Triple Action With Extra Micro Cleaning Minerals 165g,$3.50,$2.12 / 100G
U By Kotex Tampons Regular Regular 16 Pack,$3.50,$0.22 / 1EA
Macleans Toothpaste Multi Action Whitening Fluoride 170g,$3.50,$2.06 / 100G
Kleenex Aloe Vera & Vitamin E 3 Ply Large & Thick Facial Tissues 70 Pack,$2.60,$3.71 / 100SS
Colgate Sensitive Teeth Pain Whitening Fluoride Toothpaste 110g,$9.00,$8.18 / 100G
Sensodyne Toothpaste Sensitive Teeth Daily Care Whitening 110g,$9.70,$8.82 / 100G
Woolworths Sunscreen Spf 50+ 1l,$12.00,$1.20 / 100ML
All Smiles Toothbrush Medium 2 Pack,$2.00,$1.00 / 1EA
Grants Of Australia Toothpaste Mild Mint 110g,$3.80,$3.45 / 100G
Swisspers Cotton Pads Make Up 80 Pack,$4.10,$5.13 / 100EA
Natures Organics Fruits Shampoo Balance Apple Fresh 500ml,$2.00,$0.40 / 100ML
Kleenex Everyday Kids 2 Ply Facial Tissues 200 Pack,$3.00,$1.50 / 100SS
Colgate Total Advanced Clean Antibacterial Toothpaste 115g,$6.50,$5.65 / 100G
Priya Australian Sandalwood Body Balance Bar 100g,$2.50,$2.50 / 100G
Colgate Kids Minions 6+ Years Mint Gel Children's Toothpaste 90g,$3.00,$3.33 / 100G
Colgate Optic White Expert Stain-less Teeth Whitening Toothpaste 85g,$12.00,$14.12 / 100G
Oral-b Pro Health Fluoride Toothpaste Advanced Deep Clean Mint 110g,$6.00,$5.45 / 100G
Sensodyne Sensitive Teeth Pain Repair & Protect Whitening Toothpaste 100g,$12.30,$12.30 / 100G
Country Life Soap Bar Fresh Linen 5 Pack,$4.20,$0.93 / 100G
All Smiles Toothbrush Soft 2 Pack,$2.00,$1.00 / 1EA
Colgate Total Original Travel Antibacterial Toothpaste 40g,$2.00,$5.00 / 100G
Sunsilk Biotin Shampoo Longer & Stronger Hair 700ml,$12.00,$1.71 / 100ML
Kleenex Aloe Vera & Vitamin E 3 Ply Facial Tissues Cube 60 Pack,$3.00,$5.00 / 100SS
Macleans Toothpaste Multi Action Original Fluoride 170g,$3.50,$2.06 / 100G
Natures Organics Fruits Shampoo Shine Wild Berry 500ml,$2.00,$0.40 / 100ML
Colgate Cavity Protection Great Regular Flavour 90g,$2.00,$2.22 / 100G
Sensodyne Toothpaste Sensitive Teeth Daily Care Extra Fresh 110g,$9.70,$8.82 / 100G
Sorbent Facial Tissues 4ply Pocket Pack 6 Pack,$2.20,$3.67 / 100SS
Essentials Facial Tissues 224 Pack,$1.70,$0.76 / 100SS
Kleenex Everyday 2 Ply Facial Tissues 200 Pack,$3.00,$1.50 / 100SS
Quilton Facial Tissues Soft White 95 Pack,$1.40,$1.47 / 100SS
Kleenex Aloe Vera & Vitamin E 3 Ply Facial Tissues 95 Pack,$2.60,$2.74 / 100SS
Kleenex Aloe Vera & Vitamin E 3 Ply Facial Tissues 140 Pack,$3.60,$2.57 / 100SS
Symphony Facial Tissues White 228ss 3 Pack,$5.00,$0.73 / 100SS
Kleenex Large & Thick 3 Ply Facial Tissues 95 Pack,$2.80,$2.95 / 100SS
Swisspers Cotton Tips 240 Pack,$4.80,$2.00 / 100EA
Colgate 360 Whole Mouth Clean Soft Toothbrush Value Pack 2 Pack,$4.00,$2.00 / 1EA
Vaseline Petroleum Jelly Original 100g,$5.50,$5.50 / 100G
Libra Tampons Regular 16 Pack,$3.00,$0.19 / 1EA
All Smiles Total Care Toothpaste 140g,$1.50,$1.07 / 100G
Oral-b Pro Health Toothpaste Advanced Whitening 110g,$5.50,$5.00 / 100G
Colgate Advanced Whitening Tartar Control Toothpaste 115g,$6.50,$5.65 / 100G
Aloe Vera Tissues 3ply 95 Pack,$2.00,$2.11 / 100SS
Woolworths Sunscreen Everyday Tube Spf 50+ 100ml,$3.00,$3.00 / 100ML
Colgate Total Advanced Whitening Antibacterial Toothpaste 115g,$6.50,$5.65 / 100G
Colgate Cavity Protection Great Regular Toothpaste Pump 130g,$6.00,$4.62 / 100G
Colgate Kids Junior Bluey 2-5 Years Children's Toothpaste 90g,$3.00,$3.33 / 100G
Sensodyne Toothpaste Sensitive Teeth Pain Repair & Protect Fluoride 100g,$12.30,$12.30 / 100G
Libra Tampons Super 16 Pack,$3.00,$0.19 / 1EA
Oc Naturals Shampoo Normal Balance 400ml,$3.70,$0.93 / 100ML
Palmolive Naturals Balanced & Mild Bar Soap Chamomile Extracts 90g X4 Pack,$5.00,$1.39 / 100G
Colgate Total Mint Stripe Gel Antibacterial Toothpaste 115g,$4.00,$3.48 / 100G
Colgate Total Advanced Clean Antibacterial Toothpaste 200g,$5.00,$2.50 / 100G
Colgate Zig Zag Interdental Clean Medium Manual Toothbrush Value 6 Pack,$9.00,$1.50 / 1EA
Colgate Extra Clean Soft Toothbrush With Rubber Tongue Cleaner 1 Pack,$2.00,$2.00 / 1EA
Colgate Total Mint Stripe Gel Antibacterial Toothpaste 200g,$6.00,$3.00 / 100G
Woolworths Sunscreen Spf 50+ 500ml,$9.00,$1.80 / 100ML
Colgate 360 Whole Mouth Clean Medium Toothbrush Value Pack 2 Pack,$4.00,$2.00 / 1EA
Sunsilk Shampoo Soft & Smooth 700ml,$12.00,$1.71 / 100ML
Colgate Advanced Whitening Tartar Control Toothpaste 200g,$5.00,$2.50 / 100G
Essentials Facial Tissues 224 Pack,$1.70,$0.76 / 100SS
Kleenex Everyday 2 Ply Facial Tissues 200 Pack,$3.00,$1.50 / 100SS
Quilton Facial Tissues Soft White 95 Pack,$1.40,$1.47 / 100SS
Kleenex Aloe Vera & Vitamin E 3 Ply Facial Tissues 95 Pack,$2.60,$2.74 / 100SS
Kleenex Aloe Vera & Vitamin E 3 Ply Facial Tissues 140 Pack,$3.60,$2.57 / 100SS
Symphony Facial Tissues White 228ss 3 Pack,$5.00,$0.73 / 100SS
Kleenex Large & Thick 3 Ply Facial Tissues 95 Pack,$2.80,$2.95 / 100SS
Swisspers Cotton Tips 240 Pack,$4.80,$2.00 / 100EA
Colgate Sensitive Pro-relief Whitening Teeth Pain Toothpaste 110g,$5.50,$5.00 / 100G
U By Kotex Tampons Regular Regular Bulk 32 Pack,$8.00,$0.25 / 1EA
Natures Organics Fruits Shampoo Restore Coconut Lime 500ml,$2.00,$0.40 / 100ML
Libra Tampons Regular 32 Pack,$7.00,$0.22 / 1EA
Natures Organics Fruits Conditioner Balance Apple Fresh 500ml,$2.00,$0.40 / 100ML
Sorbent Vanilla Fragrance Collection Facial Tissues 170 Pack,$2.00,$1.18 / 100SS
Colgate Total Charcoal Deep Clean Antibacterial Toothpaste 115g,$6.50,$5.65 / 100G
Oral-b Gum Care & Sensitive Repair Fluoride Toothpaste 110g,$10.00,$9.09 / 100G
Natures Organics Fruits Conditioner Shine Wild Berry 500ml,$2.00,$0.40 / 100ML
Palmolive Gold Bar Soap Daily Deodorant Protection 90g X4 Pack,$5.00,$1.39 / 100G
Colgate Extra Clean Medium Toothbrush With Rubber Tongue Cleaner 1 Pack,$2.00,$2.00 / 1EA
Kleenex Everyday 2 Ply Facial Tissues 250 Pack,$4.00,$1.60 / 100SS
Colgate Kids Bluey 2-5 Years Extra Soft Bristles Toothbrush Each,$3.50,$3.50 / 1EA
Savlon Soothing & Healing Antiseptic Cream 75g,$8.00,$10.67 / 100G
Colgate Sensitive Pro-relief Multi Protection Toothpaste 110g,$5.50,$5.00 / 100G
Tampax Super Tampons Medium Flow With Applicator 20 Pack,$5.95,$0.30 / 1EA
Colgate Maximum Cavity Protection For Calcium Boost Mint 180g,$3.50,$1.94 / 100G
Colgate Optic White Sparkling White Teeth Whitening Toothpaste 140g,$6.00,$4.29 / 100G
Palmolive Naturals Moisture Care Aloe & Olive Extracts Bar Soap 90g X4 Pack,$5.00,$1.39 / 100G
Australian Botanical Soap Lemon Grass 200g,$4.00,$2.00 / 100G
Evamay Tampons Regular 20 Pack,$2.25,$0.11 / 1EA
Strepsils Sore Throat Antibacterial Lozenge Honey & Lemon 16 Pack,$6.00,$0.38 / 1EA
Colgate 360 Advanced Bacteria Removing Action Medium Toothbrush Each,$6.00,$6.00 / 1EA
Tom Organic Super Tampons 2x8 Pack,$4.20,$0.26 / 1EA
Essentials Facial Tissues 224 Pack,$1.70,$0.76 / 100SS
Kleenex Everyday 2 Ply Facial Tissues 200 Pack,$3.00,$1.50 / 100SS
Quilton Facial Tissues Soft White 95 Pack,$1.40,$1.47 / 100SS
Kleenex Aloe Vera & Vitamin E 3 Ply Facial Tissues 95 Pack,$2.60,$2.74 / 100SS
Kleenex Aloe Vera & Vitamin E 3 Ply Facial Tissues 140 Pack,$3.60,$2.57 / 100SS
Symphony Facial Tissues White 228ss 3 Pack,$5.00,$0.73 / 100SS
Kleenex Large & Thick 3 Ply Facial Tissues 95 Pack,$2.80,$2.95 / 100SS
Swisspers Cotton Tips 240 Pack,$4.80,$2.00 / 100EA
Libra Tampons Super 32 Pack,$7.00,$0.22 / 1EA
Evamay Tampons Super 16 Pack,$2.00,$0.13 / 1EA
Tom Organic Tampons Regular 16 Pack,$4.20,$0.26 / 1EA
Oral-b Frozen Kids 3+ Years Toothpaste 92g,$3.50,$3.80 / 100G
Vicks Vaporub Decongestant Rub 50g,$8.00,$16.00 / 100G
Oral-b 3d White Strengthens Enamel Whitening Toothpaste 110g,$5.50,$5.00 / 100G
Icare Everyday Facial Tissue 200 Pack,$2.00,$1.00 / 100SS
No Issues Facial Tissues Single Cube 60 Sheets,$2.00,$3.33 / 100SS
Kleenex Aloe Vera & Vitamin E 4 Ply Pocket Pack Facial Tissues 6 Pack,$3.70,$6.85 / 100SS
Colgate Sensitive Teeth Pain Multi Protection Toothpaste 110g,$9.00,$8.18 / 100G
Cussons Prize Medal Oatmeal Bar Soap 5 Pack,$5.00,$1.11 / 100G
Dettol Sapoderm Hygienic Bar Soap For Acne Prone And Oily Skin 3x375g,$5.00,$1.67 / 1EA
Sensodyne Toothpaste Sensitive Teeth Pain Deep Clean 110g,$9.70,$8.82 / 100G
Balnea Sorbolene Unscented Soap 3x100g,$4.00,$1.33 / 1EA
Rexona Men Antiperspirant Aerosol Deodorant Original 250ml,$6.00,$2.40 / 100ML
U By Kotex Tampons Super Super Bulk 32 Pack,$8.00,$0.25 / 1EA
Palmolive Luminous Oils Moroccan Argan Oil & Camellia Protect Shampoo 350ml,$4.80,$1.37 / 100ML
Colgate Maxfresh Cool Mint Toothpaste 200g,$5.00,$2.50 / 100G
Imperial Leather Original Bar Soap 6 Pack,$4.75,$0.79 / 100G
Sensodyne Toothbrush Sensitive Teeth Daily Care Soft 3 Pack,$10.50,$3.50 / 1EA
Zyrtec Rapid Acting Allergy & Hayfever Antihistamine Tablets 10 Pack,$13.00,$1.30 / 1EA
U By Kotex Tampons Super Super 16 Pack,$3.50,$0.22 / 1EA
U By Kotex Tampons Mini 16 Pack,$3.50,$0.22 / 1EA
Oral-b Star Wars Junior Kids 6+ Toothpaste 92g,$3.50,$3.80 / 100G
Essentials Facial Tissues 224 Pack,$1.70,$0.76 / 100SS
Kleenex Everyday 2 Ply Facial Tissues 200 Pack,$3.00,$1.50 / 100SS
Quilton Facial Tissues Soft White 95 Pack,$1.40,$1.47 / 100SS
Kleenex Aloe Vera & Vitamin E 3 Ply Facial Tissues 95 Pack,$2.60,$2.74 / 100SS
Kleenex Aloe Vera & Vitamin E 3 Ply Facial Tissues 140 Pack,$3.60,$2.57 / 100SS
Symphony Facial Tissues White 228ss 3 Pack,$5.00,$0.73 / 100SS
Kleenex Large & Thick 3 Ply Facial Tissues 95 Pack,$2.80,$2.95 / 100SS
Swisspers Cotton Tips 240 Pack,$4.80,$2.00 / 100EA
Colgate Zig Zag Interdental Clean Soft Manual Toothbrush Value 3 Pack,$7.80,$2.60 / 1EA
Oral-b Pro-health Advanced All Around Protection Toothpaste 110g,$6.00,$5.45 / 100G
Quilton Pocket Packs 4ply Hypo Allergenic 6 Pack,$2.40,$4.00 / 100SS
Priya Soap Bar Goats Milk 100g,$2.50,$2.50 / 100G
Wet Ones Moist Wipes Gentle 15 Pack,$2.20,$0.15 / 1EA
Tampax Regular Tampons Light Flow With Applicator 20 Pack,$5.95,$0.30 / 1EA
All Smiles Total Care Toothbrush Medium 6 Pack,$5.30,$0.88 / 1EA
Colgate Total Advanced Fresh Gel Antibacterial Toothpaste 115g,$6.50,$5.65 / 100G
All Smiles Total Care Toothbrush Soft 6 Pack,$5.30,$0.88 / 1EA
Strepsils Double Antibacterial? Soothing Throat Lozenge Honey And Lemon 36 Pack,$12.00,$0.33 / 1EA
Cashmere Bouquet Bar Soap Lavender 100g X4 Pack,$5.00,$1.25 / 100G
Colgate Total Advanced Whitening Antibacterial Toothpaste 200g,$5.00,$2.50 / 100G
Tom Organic Pads Regular Ultra Thin 10 Pack,$4.20,$0.42 / 1EA
Sunsilk Shampoo Addictive Brilliant Shine 700ml,$12.00,$1.71 / 100ML
Colgate Advanced Whitening Toothpaste 115g,$6.50,$5.65 / 100G
Colgate Optic White Expert High Impact Teeth Whitening Toothpaste 85g,$12.00,$14.12 / 100G
Oral-b 3d White Luxe Glamorous White Fluoride Whitening Toothpaste 95g,$10.00,$10.53 / 100G
Australian Botanical Soap Goats Milk & Raspberry Each,$4.00,$2.00 / 100G
Sensodyne Toothpaste Daily Care + Whitening 2 Pack,$16.50,$7.50 / 100G
Quilton Cooling Lotion 3 Ply Facial Tissue 95 Pack,$2.80,$2.95 / 100SS
Velvet Bar Soap Pure 4 Pack 400g,$4.90,$1.23 / 100G
Tresemme Moisture Rich Shampoo With Vitamin E & Jojoba Oil 940ml,$9.80,$1.04 / 100ML
Colgate Advanced Whitening Toothpaste 200g,$5.00,$2.50 / 100G
Tom Organic Bulk Tampons Regular 32 Pack,$9.90,$0.31 / 1EA
Essentials Facial Tissues 224 Pack,$1.70,$0.76 / 100SS
Kleenex Everyday 2 Ply Facial Tissues 200 Pack,$3.00,$1.50 / 100SS
Quilton Facial Tissues Soft White 95 Pack,$1.40,$1.47 / 100SS
Kleenex Aloe Vera & Vitamin E 3 Ply Facial Tissues 95 Pack,$2.60,$2.74 / 100SS
Kleenex Aloe Vera & Vitamin E 3 Ply Facial Tissues 140 Pack,$3.60,$2.57 / 100SS
Symphony Facial Tissues White 228ss 3 Pack,$5.00,$0.73 / 100SS
Kleenex Large & Thick 3 Ply Facial Tissues 95 Pack,$2.80,$2.95 / 100SS
Swisspers Cotton Tips 240 Pack,$4.80,$2.00 / 100EA
Pantene Pro-v Daily Moisture Renewal Nourishing Shampoo Dry Hair 900ml,$10.00,$1.11 / 100ML
Vicks Vaporub Decongestant Rub 100g,$14.90,$14.90 / 100G
Oc Naturals Shampoo Coco Repair 400ml,$3.70,$0.93 / 100ML
Sensodyne Toothpaste Sensitive Teeth Pain Rapid Relief 100g,$12.30,$12.30 / 100G
Colgate Total Advanced Fresh Gel Antibacterial Toothpaste 200g,$5.00,$2.50 / 100G
Colgate Zig Zag Interdental Clean Soft Manual Toothbrush Value 6 Pack,$9.00,$1.50 / 1EA
Palmolive Antibacterial Liquid Hand Wash Soap Odour Neutralising 250ml,$1.50,$0.60 / 100ML
Oc Naturals Shampoo Normal Balance 725ml,$6.40,$0.88 / 100ML
U By Kotex Sport Tampons Regular Regular 16 Pack,$4.13,$0.26 / 1EA
Stayfree Ultra Thin Super Pads With Wings 12 Pack,$4.20,$0.35 / 1EA
Australian Botanical Soap Sea Salt 200g,$4.00,$2.00 / 100G
Sensodyne Gum Dual Action Extra Fresh Toothpaste 100g,$12.30,$12.30 / 100G
Colgate Blue Minty Gel For Cavity Protection 165g,$3.50,$2.12 / 100G
Sunsilk Shampoo Addictive Brilliant Shine 350ml,$6.50,$1.86 / 100ML
Vicks Vapodrops Throat Lozenges Original 42 Pack,$7.65,$0.18 / 1EA
Oral-b Gum Care & Enamel Restore Fluoride Toothpaste Mint 110g,$10.00,$9.09 / 100G
Sunsilk Biotin Conditioner For Longer & Stronger Hair 700ml,$12.00,$1.71 / 100ML
Colgate Sensitive Pro-relief Enamel Repair Teeth Pain Toothpaste 110g,$5.50,$5.00 / 100G
Oc Naturals Conditioner Normal Balance 400ml,$3.70,$0.93 / 100ML
Colgate Zig Zag Interdental Clean Medium Manual Toothbrush Value 3 Pack,$7.80,$2.60 / 1EA
Colgate Slim Soft Charcoal Infused Bristles Toothbrush Soft 1 Pack,$3.00,$3.00 / 1EA
Australian Botanical Soap Goats Milk 200g,$4.00,$2.00 / 100G
Swisspers Cotton Tips 240 Pack,$4.80,$2.00 / 100EA
Natures Organics Fruits Conditioner Restore Coconut Lime 500ml,$2.00,$0.40 / 100ML
Essentials Facial Tissues 224 Pack,$1.70,$0.76 / 100SS
Kleenex Everyday 2 Ply Facial Tissues 200 Pack,$3.00,$1.50 / 100SS
Quilton Facial Tissues Soft White 95 Pack,$1.40,$1.47 / 100SS
Kleenex Aloe Vera & Vitamin E 3 Ply Facial Tissues 95 Pack,$2.60,$2.74 / 100SS
Kleenex Aloe Vera & Vitamin E 3 Ply Facial Tissues 140 Pack,$3.60,$2.57 / 100SS
Symphony Facial Tissues White 228ss 3 Pack,$5.00,$0.73 / 100SS
Kleenex Large & Thick 3 Ply Facial Tissues 95 Pack,$2.80,$2.95 / 100SS
Swisspers Cotton Tips 240 Pack,$4.80,$2.00 / 100EA
Nivea Crème Soft Care Body Soap Twin Pack 100g X 2 Pack,$4.50,$2.25 / 100G
Swisspers Cotton Large Make Up Pads 50 Pack,$4.00,$0.08 / 1EA
Kleenex Anti-bacterial To-go Wipes Wet Wipes 15 Pack,$2.50,$0.17 / 1EA
Tom Organic Pads Super Ultra Thin 10 Pack,$4.20,$0.42 / 1EA
Sunsilk Biotin Shampoo Longer & Stronger 350ml,$6.50,$1.86 / 100ML
Dettol Instant Hand Sanitiser Instant Hand Sanitizer Refresh 500ml,$14.95,$2.99 / 100ML
Oscar Orsen Tweezers Slant Tip Each,$4.00,$4.00 / 1EA
Freshwater Farm Australia Lemon Myrtle Oil + Manuka Honey Soothing Body Bar 200g,$4.50,$2.25 / 100G
Stayfree Ultra Thin All Nights Pads With Wings 10 Pack,$4.20,$0.42 / 1EA
Pantene Daily Moisture Renewal Nourishing Shampoo 375ml,$5.00,$1.33 / 100ML
All Smiles Toothbrush Kids Soft 5 Pack 5 Pack,$5.00,$1.00 / 1EA
Colgate Kids Minions Toothbrush Extra Soft Bristles 6+ Years 2 Pack,$7.00,$3.50 / 1EA
Stayfree Ultra Thin Regular Pads With Wings 14 Pack,$4.20,$0.30 / 1EA
Tom Organic Ultra Thin Liners 26 Pack,$4.20,$0.16 / 1EA
Voeu Cleansing Facial Wipes 30 Pack,$1.80,$0.06 / 1EA
Freshwater Farm Australia Rosewater & Pink Clay Cleansing Bar 200g,$4.50,$2.25 / 100G
Sukin Signature Foaming Facial Cleanser Pump 125ml,$7.50,$6.00 / 100ML
Vicks Nasal Decongestant Inhaler 0.5ml,$8.00,$8.00 / 1EA
Palmolive Foaming Liquid Hand Wash Soap Japanese Cherry Blossom 250ml,$2.00,$0.80 / 100ML
Oral-b Stages 2 Kids Toothbrush 2-4 2-4 Years Winnie The Pooh Each,$3.55,$3.55 / 1EA
Oral-b Complete 5 Way Clean Toothbrush Med Each,$4.00,$4.00 / 1EA
Dettol Liquid Antibacterial Instant Hand Sanitiser Refresh 50ml,$1.75,$3.50 / 100ML
Gillette Venus Sensitive Disposable Razors 3 Pack,$11.00,$3.67 / 1EA
Palmolive Antibacterial Liquid Hand Wash Soap Pump Orange 250ml,$1.50,$0.60 / 100ML
Essentials Facial Tissues 224 Pack,$1.70,$0.76 / 100SS
Kleenex Everyday 2 Ply Facial Tissues 200 Pack,$3.00,$1.50 / 100SS
Quilton Facial Tissues Soft White 95 Pack,$1.40,$1.47 / 100SS
Kleenex Aloe Vera & Vitamin E 3 Ply Facial Tissues 95 Pack,$2.60,$2.74 / 100SS
Kleenex Aloe Vera & Vitamin E 3 Ply Facial Tissues 140 Pack,$3.60,$2.57 / 100SS
Symphony Facial Tissues White 228ss 3 Pack,$5.00,$0.73 / 100SS
Kleenex Large & Thick 3 Ply Facial Tissues 95 Pack,$2.80,$2.95 / 100SS
Swisspers Cotton Tips 240 Pack,$4.80,$2.00 / 100EA
Ecostore Lemongrass Soap Bar 150g,$4.00,$2.67 / 100G
Strepsils Double Antibacterial Soothing Sore Throat Lozenges Orange 16 Pack,$6.00,$0.38 / 1EA
U By Kotex Sport Tampons Super Super 16 Pack,$4.13,$0.26 / 1EA
Tresemme Cleanse & Replenish Shampoo 940ml,$9.80,$1.04 / 100ML
Nad's Hair Removal Wax Facial Strips 16 Pack,$8.40,$0.53 / 1EA
Dettol Liquid Antibacterial Instant Hand Sanitiser Refresh 200ml,$7.50,$3.75 / 100ML
Voltaren Muscle And Back Pain Relief Emulgel 100g,$18.00,$18.00 / 100G
Colgate 2 In 1 Toothpaste & Mouthwash Whitening Liquid Gel 130g,$6.50,$5.00 / 100G
Oral-b 3d White Long Last Fresh Toothpaste 110g,$5.50,$5.00 / 100G
Garnier Fructis Normal Strength & Shine Shampoo 315ml,$5.60,$1.78 / 100ML
Voeu Micellar Cleansing Wipes 30 Pack,$1.80,$0.06 / 1EA
Strepsils Plus Anaesthetic Sore Throat Numbing Pain Relief Lozenges 16 Pack,$8.00,$0.50 / 1EA
Swisspers Paper Cotton Stems 400 Pack,$6.80,$0.02 / 1EA
Telfast Hayfever Allergy Relief 120mg Antihistamine Tablets 10 Pack,$12.60,$1.26 / 1EA
Tresemme Moisture Rich Conditioner With Vitamin E & Jojoba Oil 940ml,$9.80,$1.04 / 100ML
Sukin Signature Scent Botanical Body Wash Pump 1l,$13.00,$1.30 / 100ML
Vicks Vapodrops Throat Lozenges Butter Menthol 42 Pack,$7.65,$18.21 / 100EA
Colgate Total 12 Sensitivity + Gum Health Toothpaste 115g,$6.50,$5.65 / 100G
Sunsilk Conditioner Addictive Brilliant Shine 700ml,$12.00,$1.71 / 100ML
Steradent Denture Care Tablets Extra Strength 30 Pack,$6.40,$0.21 / 1EA
Dove Beauty Cream Bar Original Soap 90g X 2 Pack,$4.20,$2.33 / 100G
Selsun Blue Anti Dandruff Shampoo Replenishing 200ml,$5.50,$2.75 / 100ML
Nivea Rich Nourishing Body Lotion Deep Moisturiser For Dry Skin 400ml,$5.70,$1.43 / 100ML
Essentials Facial Tissues 224 Pack,$1.70,$0.76 / 100SS
Kleenex Everyday 2 Ply Facial Tissues 200 Pack,$3.00,$1.50 / 100SS
Quilton Facial Tissues Soft White 95 Pack,$1.40,$1.47 / 100SS
Kleenex Aloe Vera & Vitamin E 3 Ply Facial Tissues 95 Pack,$2.60,$2.74 / 100SS
Kleenex Aloe Vera & Vitamin E 3 Ply Facial Tissues 140 Pack,$3.60,$2.57 / 100SS
Symphony Facial Tissues White 228ss 3 Pack,$5.00,$0.73 / 100SS
Kleenex Large & Thick 3 Ply Facial Tissues 95 Pack,$2.80,$2.95 / 100SS
Swisspers Cotton Tips 240 Pack,$4.80,$2.00 / 100EA
All Smiles Herbal Toothpaste 110g,$1.70,$1.55 / 100G
Sukin Hydrating Shampoo 500ml,$9.50,$1.90 / 100ML
Libra Tampons Girl Regular 16 Pack,$3.00,$0.19 / 1EA
Redwin Anti Dandruff Shampoo Tea Tree Treatment 250ml,$5.50,$2.20 / 100ML
Rexona Women Antiperspirant Aerosol Deodorant Sexy Bouquet 250ml,$6.00,$2.40 / 100ML
Dove Original Beauty Cream Soap Bars 90g X 4 Pack,$4.50,$1.25 / 100G
Tena Pads Maxi Night 14 Pack,$10.00,$0.71 / 1EA
Pears Soap Bar Transparent 3x125g,$7.20,$1.92 / 100G
Dettol 2 In 1 Hands And Surfaces Antibacterial Wipes 15 Pack,$3.00,$0.20 / 1EA
Strepsils Soothing Sore Throat Lozenges Honey & Lemon 48 Pack,$13.50,$0.28 / 1EA
Gillette Venus Comfortglide White Tea Disposable Razor 2 Pack,$10.00,$5.00 / 1EA
Woolworths Kids Sunscreen Spf 50+ Roll On 75ml,$6.00,$8.00 / 100ML
Sunsilk Conditioner Addictive Brilliant Shine 350ml,$6.50,$1.86 / 100ML
Cancer Council Kid Sunscreen Spf50+ 500ml,$29.00,$5.80 / 100ML
Colgate Optic White Enamel Care Teeth Whitening Toothpaste 140g,$6.00,$4.29 / 100G
Telfast Hayfever Allergy Relief 180mg Antihistamine Tablets 5 Pack,$8.40,$1.68 / 1EA
Tom Organic Overnight Pads 8 Pack,$4.60,$0.58 / 1EA
Palmolive Luminous Oils Moroccan Argan Oil Camellia Hair Conditioner 350ml,$4.80,$1.37 / 100ML
Sundae Vanilla Bean Whipped Shower Foam 265ml,$13.40,$5.06 / 100ML
Oc Naturals Conditioner Coco Repair 400ml,$3.70,$0.93 / 100ML
Colgate 360 Sensitive Pro-relief Teeth Pain Toothbrush Extra Soft 2 Pack,$4.00,$2.00 / 1EA
Nivea Sun Protect & Moisture Sunscreen Lotion Spf50+ 100ml,$14.00,$14.00 / 100ML
Colgate Nature's Extracts Charcoal Mint Toothpaste 100g,$4.00,$4.00 / 100G
Cottons Organic Tampons Regular 16 Pack,$3.85,$0.24 / 1EA
Essentials Facial Tissues 224 Pack,$1.70,$0.76 / 100SS
Kleenex Everyday 2 Ply Facial Tissues 200 Pack,$3.00,$1.50 / 100SS
Quilton Facial Tissues Soft White 95 Pack,$1.40,$1.47 / 100SS
Kleenex Aloe Vera & Vitamin E 3 Ply Facial Tissues 95 Pack,$2.60,$2.74 / 100SS
Kleenex Aloe Vera & Vitamin E 3 Ply Facial Tissues 140 Pack,$3.60,$2.57 / 100SS
Symphony Facial Tissues White 228ss 3 Pack,$5.00,$0.73 / 100SS
Kleenex Large & Thick 3 Ply Facial Tissues 95 Pack,$2.80,$2.95 / 100SS
Swisspers Cotton Tips 240 Pack,$4.80,$2.00 / 100EA
Pantene Shampoo Daily Moisture 90ml,$3.00,$3.33 / 100ML
Jack N' Jill Natural Toothpaste Strawberry 50g,$7.50,$15.00 / 100G
Salvital Salts Saline 375g,$7.20,$1.92 / 100G
Strepsils Sore Throat Sugar Free Strawberry Lozenges 36 Pack,$10.00,$0.28 / 1EA
Rexona Men Advanced Sport Anti Perspirant Aerosol Deodorant 220ml,$9.50,$4.32 / 100ML
Red Seal Baking Soda Toothpaste 100g,$3.60,$3.60 / 100G
Tom Organic Tampons Mini 16 Pack,$4.20,$0.26 / 1EA
Sunsilk Biotin Conditioner Longer & Stronger 350ml,$6.50,$1.86 / 100ML
Telfast Hayfever Allergy Relief 60mg Antihistamine Tablets 20 Pack,$12.60,$0.63 / 1EA
Head & Shoulders Clean & Balanced Anti Dandruff Shampoo For Clean Scalp 660ml,$21.00,$3.18 / 100ML
Sunsilk Conditioner Soft & Smooth 700ml,$12.00,$1.71 / 100ML
Cottons Organic Tampons Super 16 Pack,$3.85,$0.24 / 1EA
Freshwater Farm Australia Mandarin + Cedarwood Oil Revitalising Body Bar 200g,$4.50,$2.25 / 100G
Vicks Vapodrop Throat Lozenges Original 24 Pack,$5.90,$0.25 / 1EA
Dettol Citrus Fresh Bar Soap 3 Pack,$4.90,$1.63 / 100G
Sunsilk Summer Care Shampoo Coconut Oil & Hibiscus 700ml,$12.00,$1.71 / 100ML
Cancer Council Ultra Spf 50+ Sunscreen 110ml,$14.00,$12.73 / 100ML
Selsun Gold Anti Dandruff Shampoo Treatment 200ml,$11.30,$5.65 / 100ML
Stayfree Ultra Thin Light Pads Pads With Wings 16 Pack,$4.20,$0.26 / 1EA
Nivea Sun Protect & Moisture Lock Sunscreen Lotion Spf50+ 400ml,$26.00,$6.50 / 100ML
Sukin Hydrating Conditioner 500ml,$9.50,$1.90 / 100ML
Sensodyne Toothbrush Sensitive Teeth Repair And Protect 2 Pack,$9.00,$4.50 / 1EA
Herbal Essences Shampoo Hello Hydration 300ml,$7.00,$2.33 / 100ML
Essentials Facial Tissues 224 Pack,$1.70,$0.76 / 100SS
Kleenex Everyday 2 Ply Facial Tissues 200 Pack,$3.00,$1.50 / 100SS
Quilton Facial Tissues Soft White 95 Pack,$1.40,$1.47 / 100SS
Kleenex Aloe Vera & Vitamin E 3 Ply Facial Tissues 95 Pack,$2.60,$2.74 / 100SS
Kleenex Aloe Vera & Vitamin E 3 Ply Facial Tissues 140 Pack,$3.60,$2.57 / 100SS
Symphony Facial Tissues White 228ss 3 Pack,$5.00,$0.73 / 100SS
Kleenex Large & Thick 3 Ply Facial Tissues 95 Pack,$2.80,$2.95 / 100SS
Swisspers Cotton Tips 240 Pack,$4.80,$2.00 / 100EA
Tena Pads Maxi 6 Pack,$4.40,$0.73 / 1EA
Cancer Council Kids Spf 50+ Sunscreen 110ml,$14.00,$12.73 / 100ML
Cancer Council Sensitive Sunscreen Pump Bottle Spf 50 Plus 200ml,$18.00,$9.00 / 100ML
Oral-b Stages 3 Manual Kids Toothbrush 5-7 Years Disney Each,$3.55,$3.55 / 1EA
Palmolive Naturals Liquid Hand Wash Soap Aloe Vera & Chamomile 250ml,$1.50,$0.60 / 100ML
Palmolive Luminous Oils Coconut Oil & Frangipani Shampoo 350ml,$4.80,$1.37 / 100ML
Rexona Men Antiperspirant Aerosol Deodorant Sport Fresh 250ml,$6.00,$2.40 / 100ML
Strepsils Extra Blackcurrant Sore Throat Fast Numbing Throat Lozenges 16 Pack,$9.00,$0.56 / 1EA
Sukin Natural Balance Shampoo 500ml,$9.50,$1.90 / 100ML
Vicks Vapodrop Throat Lozenges Butter Menthol 24 Pack,$5.90,$0.25 / 1EA
Palmolive Foaming Liquid Hand Wash Soap Pump Vanilla & Berry 250ml,$2.00,$0.80 / 100ML
Grants Of Australia Whitening Toothpaste With Baking Soda 110g,$4.30,$3.91 / 100G
Redwin Sorbolene Daily Moisturiser 1.1l,$6.60,$0.60 / 100ML
Sukin Natural Balance Shampoo 1l,$23.00,$2.30 / 100ML
Sensodyne Dual Action Toothpaste 100g,$12.30,$12.30 / 100G
Colgate Advanced Whitening Tartar Control Toothpaste Pump 130g,$9.00,$6.92 / 100G
Sunsilk Clean & Fresh Shampoo 700ml,$12.00,$1.71 / 100ML
Colgate 360 Whole Mouth Clean Medium Manual Toothbrush Each,$5.00,$5.00 / 1EA
Oscar Orsen Tweezers Slant/ Point Tip Each,$6.49,$6.49 / 1EA
Sukin Signature Facial Moisturiser Pump 125ml,$7.50,$6.00 / 100ML
Colgate Total Charcoal Deep Clean Antibacterial Toothpaste 200g,$5.00,$2.50 / 100G
Palmolive Antibacterial Liquid Hand Wash Soap Lime Refill 1l,$7.00,$0.70 / 100ML
Colgate Advanced Whitening Charcoal Toothpaste 180g,$5.00,$2.78 / 100G
Colgate Toothbrush Toothpaste Mouthwash & Floss Travel Pack Each,$9.00,$9.00 / 1EA
Essentials Facial Tissues 224 Pack,$1.70,$0.76 / 100SS
Kleenex Everyday 2 Ply Facial Tissues 200 Pack,$3.00,$1.50 / 100SS
Quilton Facial Tissues Soft White 95 Pack,$1.40,$1.47 / 100SS
Kleenex Aloe Vera & Vitamin E 3 Ply Facial Tissues 95 Pack,$2.60,$2.74 / 100SS
Kleenex Aloe Vera & Vitamin E 3 Ply Facial Tissues 140 Pack,$3.60,$2.57 / 100SS
Symphony Facial Tissues White 228ss 3 Pack,$5.00,$0.73 / 100SS
Kleenex Large & Thick 3 Ply Facial Tissues 95 Pack,$2.80,$2.95 / 100SS
Swisspers Cotton Tips 240 Pack,$4.80,$2.00 / 100EA
Essentials Facial Tissues 224 Pack,$1.70,$0.76 / 100SS
Kleenex Everyday 2 Ply Facial Tissues 200 Pack,$3.00,$1.50 / 100SS
Quilton Facial Tissues Soft White 95 Pack,$1.40,$1.47 / 100SS
Kleenex Aloe Vera & Vitamin E 3 Ply Facial Tissues 95 Pack,$2.60,$2.74 / 100SS
Kleenex Aloe Vera & Vitamin E 3 Ply Facial Tissues 140 Pack,$3.60,$2.57 / 100SS
Symphony Facial Tissues White 228ss 3 Pack,$5.00,$0.73 / 100SS
Kleenex Large & Thick 3 Ply Facial Tissues 95 Pack,$2.80,$2.95 / 100SS
Swisspers Cotton Tips 240 Pack,$4.80,$2.00 / 100EA
Colgate 360 Whole Mouth Clean Soft Manual Toothbrush Each,$5.00,$5.00 / 1EA
"Palmolive Travel Hand Sanitiser, Shampoo , Conditioner & Body Wash Each",$9.00,$9.00 / 1EA
Sukin Art Series Anna Cole Hand Wash 500ml,$5.50,$1.10 / 100ML
Nivea Sun Kids Roll On Sunscreen For Kids Spf50 65ml,$14.00,$21.54 / 100ML
Carefree Flexia Fragrance Free Super Tampons 16 Pack,$4.20,$0.26 / 1EA
Colgate Optic White Expert Express Teeth Whitening Toothpaste 125g,$15.00,$12.00 / 100G
Bic Razor Disposable Soleil Twilight Lavender 4 Pack,$4.30,$1.08 / 1EA
Palmolive Foaming Liquid Hand Wash Soap Japanese Cherry Blossom 500ml,$4.00,$0.80 / 100ML
Tresemme Smooth & Silky Shampoo Sunflower Seed Oil & Vitamin A 940ml,$9.80,$1.04 / 100ML
Vaseline Intensive Care Body Lotion Deep Restore 750ml,$16.00,$2.13 / 100ML
Palmolive Naturals Intensive Shampoo Coco Cream & Milk Protein 700ml,$7.00,$1.00 / 100ML
Oral-b Kids Fluoride Toothpaste 3-6 Years 92g,$3.50,$3.80 / 100G
Ogx Argan Oil Extra Strength Shampoo For Damaged Hair 385ml,$12.50,$3.25 / 100ML
Oral-b 3d White Luxe Diamond Strong Fluoride Whitening Toothpaste 95g,$10.00,$10.53 / 100G
White Glo Professional White Whitening Toothpaste 205g,$4.50,$2.20 / 100G
Schick Xtreme 3 Womens Sensitive Disposable Razor 4 Pack,$5.50,$1.38 / 1EA
L'oreal Elvive Extraordinary Oil Coconut Shampoo 300ml,$8.50,$2.83 / 100ML
Balnea Toothbrush Holder Assorted Each,$1.00,$1.00 / 1EA
Freshwater Farm Australia Hemp Seed Oil Hydrating Body Bar 200g,$4.50,$2.25 / 100G
Sukin Original Hydrating Mist Toner Spray 125ml,$7.00,$5.60 / 100ML
Palmolive Naturals Travel Body Wash Milk & Honey Shower Gel 100ml,$2.20,$2.20 / 100ML
Vicks Nasal Decongestant Inhaler Twin Pack 2 X 0.5ml,$14.90,$7.45 / 1EA
Cedel Toothpaste Spearmint 110g,$3.00,$2.73 / 100G
Cedel Toothpaste Sensitive 110g,$5.20,$4.73 / 100G
Essentials Facial Tissues 224 Pack,$1.70,$0.76 / 100SS
Kleenex Everyday 2 Ply Facial Tissues 200 Pack,$3.00,$1.50 / 100SS
Quilton Facial Tissues Soft White 95 Pack,$1.40,$1.47 / 100SS
Kleenex Aloe Vera & Vitamin E 3 Ply Facial Tissues 95 Pack,$2.60,$2.74 / 100SS
Kleenex Aloe Vera & Vitamin E 3 Ply Facial Tissues 140 Pack,$3.60,$2.57 / 100SS
Symphony Facial Tissues White 228ss 3 Pack,$5.00,$0.73 / 100SS
Kleenex Large & Thick 3 Ply Facial Tissues 95 Pack,$2.80,$2.95 / 100SS
Swisspers Cotton Tips 240 Pack,$4.80,$2.00 / 100EA
Neutrogena T/gel Anti-dandruff Therapeutic Shampoo 200ml,$15.00,$7.50 / 100ML
Balnea Pure Soap 8 Pack,$4.50,$0.56 / 1EA
Palmolive Antibacterial Foaming Liquid Hand Wash Soap Limited Edition 250ml,$2.00,$0.80 / 100ML
Sorbent Thick & Large Hypoallergenic Facial Tissues 95 Pack,$2.20,$2.32 / 100SS
Voltaren Muscle And Back Pain Relief Emulgel 50g,$11.00,$22.00 / 100G
Tena Active Panty Liners Long 39 Pack,$5.50,$0.14 / 1EA
Stayfree Super Pads Super No Wings 18 Pack,$4.90,$0.27 / 1EA
Sorbent Everyday White Facial Tissues 150 Pack,$1.90,$1.27 / 100SS
Dettol Antibacterial Liquid Hand Wash Pump Refresh 250ml,$2.80,$1.12 / 100ML
Sambucol Cough Syrups Cold & Flu Liquid 120ml,$14.40,$12.00 / 100ML
Ozguard Hand Sanitiser 750ml,$15.00,$2.00 / 100ML
Palmolive Naturals Active Nourishment Shampoo Aloe Vera & Fruit 700ml,$7.00,$1.00 / 100ML
Colgate Total 12 Sensitivity + Gum Health Toothpaste 200g,$5.00,$2.50 / 100G
Schwarzkopf Extra Care Marrakesh Oil & Coconut Replenishing Shampoo 400ml,$9.00,$2.25 / 100ML
L'oreal Elvive Total Repair Shampoo 300ml,$8.50,$2.83 / 100ML
Systane Ultra Eye Drops 10ml,$11.50,$115.00 / 100ML
Dove Beauty Cream Bar Sensitive Soap 90g X 2 Pack,$4.20,$2.33 / 100G
Steradent Denture Cleansing Tablets Active Plus 48 Pack,$8.50,$0.18 / 1EA
Tresemme Smooth & Silky Conditioner Sunflower Seed Oil & Vitamin A 940ml,$9.80,$1.04 / 100ML
Redwin Sensitive Skin Restoring Sorbolene Soap Free Body Wash 1l,$13.00,$1.30 / 100ML
Vaseline Intensive Care Body Lotion Aloe Soothe 750ml,$16.00,$2.13 / 100ML
Colgate Kids Anticavity Fluoride Toothpaste 0-3 Yrs Mild Fruit 80g,$4.00,$5.00 / 100G
Strepsils Extra Honey And Lemon Sore Throat Fast Numb Lozenges 36 Pack,$17.00,$0.47 / 1EA
Eureka Tea Tree Solution 200ml,$9.80,$4.90 / 100ML
Essentials Facial Tissues 224 Pack,$1.70,$0.76 / 100SS
Kleenex Everyday 2 Ply Facial Tissues 200 Pack,$3.00,$1.50 / 100SS
Quilton Facial Tissues Soft White 95 Pack,$1.40,$1.47 / 100SS
Kleenex Aloe Vera & Vitamin E 3 Ply Facial Tissues 95 Pack,$2.60,$2.74 / 100SS
Kleenex Aloe Vera & Vitamin E 3 Ply Facial Tissues 140 Pack,$3.60,$2.57 / 100SS
Symphony Facial Tissues White 228ss 3 Pack,$5.00,$0.73 / 100SS
Kleenex Large & Thick 3 Ply Facial Tissues 95 Pack,$2.80,$2.95 / 100SS
Swisspers Cotton Tips 240 Pack,$4.80,$2.00 / 100EA
Carefree Flexia Fragrance Free Regular Tampons 16 Pack,$4.20,$0.26 / 1EA
Colgate Optic White Renewal Lasting Fresh Whitening Toothpaste 85g,$7.50,$8.82 / 100G
Sunsilk Total Care 2 In 1 Shampoo & Conditioner 350ml,$6.50,$1.86 / 100ML
Redwin Sorbolene Hand Cream With Vitamin E 100g,$2.10,$2.10 / 100G
Balnea Travel Bottles 3 Pack,$4.50,$4.50 / 1EA
Tresemme Cleanse & Replenish Conditioner 940ml,$9.80,$1.04 / 100ML
Nivea Sun Protect & Moisture Lock Sunscreen Spray Spf50+ 300ml,$26.00,$8.67 / 100ML
Sudafed Pe Nasal Decongestant 20 Pack,$14.00,$0.70 / 1EA
My Soda Hydrate Shampoo 350ml,$10.00,$2.86 / 100ML
Sunsilk Shampoo Defeat Damage 700ml,$12.00,$1.71 / 100ML
Manicare Slant Tweezer Gold Tipped Each,$11.60,$11.60 / 1EA
Sukin Signature Hydrating Body Lotion Pump 500ml,$8.00,$1.60 / 100ML
Stingose Antiseptic Gel Tube 25g,$9.95,$39.80 / 100G
Colgate Max White Medium Bristles Manual Toothbrush Value Pack 3 Pack,$5.00,$1.67 / 1EA
Cancer Council Spf 50+ Sunscreen Ultra 75ml,$10.40,$13.87 / 100ML
Swisspers Cotton Tips With Paper Stems 120 Pack,$3.20,$2.67 / 100EA
All Smiles Bamboo Toothbrush Medium 4 Pack,$6.00,$1.50 / 1EA
Simple Kind To Skin Light Moisturiser Hydrating 125ml,$8.00,$6.40 / 100ML
Stayfree Regular Pads Regular No Wings 20 Pack,$4.90,$0.25 / 1EA
Help@hand Epsom Salt 1kg,$6.00,$0.60 / 100G
Stayfree Super Pads With Wings 18 Pack,$4.90,$0.27 / 1EA
Stayfree Regular Pads With Wings 20 Pack,$4.90,$0.25 / 1EA
White Glo Professional White Whitening Toothpaste 115g,$3.00,$2.61 / 100G
Essentials Facial Tissues 224 Pack,$1.70,$0.76 / 100SS
Kleenex Everyday 2 Ply Facial Tissues 200 Pack,$3.00,$1.50 / 100SS
Quilton Facial Tissues Soft White 95 Pack,$1.40,$1.47 / 100SS
Kleenex Aloe Vera & Vitamin E 3 Ply Facial Tissues 95 Pack,$2.60,$2.74 / 100SS
Kleenex Aloe Vera & Vitamin E 3 Ply Facial Tissues 140 Pack,$3.60,$2.57 / 100SS
Symphony Facial Tissues White 228ss 3 Pack,$5.00,$0.73 / 100SS
Kleenex Large & Thick 3 Ply Facial Tissues 95 Pack,$2.80,$2.95 / 100SS
Swisspers Cotton Tips 240 Pack,$4.80,$2.00 / 100EA
Sunsilk Conditioner Summer Care 700ml,$12.00,$1.71 / 100ML
White Glo Charcoal Deep Stain Remover Whitening Toothpaste 205g,$4.50,$2.20 / 100G
Oc Naturals Conditioner Normal Balance 725ml,$6.40,$0.88 / 100ML
Sukin Natural Balance Conditioner 500ml,$9.50,$1.90 / 100ML
Bosisto's Tea Tree Spray 125g,$13.00,$10.40 / 100G
Nfco Bio Toothbrush Assorted 2 Pack,$10.00,$5.00 / 1EA
Sukin Cleansing Hand Wash Eucalyptus & Tea Tree Pump 500ml,$5.50,$1.10 / 100ML
Zyrtec Rapid Acting Allergy & Hayfever Antihistamine Relief 10 Gel Capsules,$14.50,$1.45 / 1EA
Strepsils Plus Anaesthetic Sore Throat Numbing Pain Relief Lozenges 36 Pack,$17.00,$0.47 / 1EA
Sunsilk Summer Care Conditioner 350ml,$6.50,$1.86 / 100ML
Sudafed Pe Sinus + Anti-inflammatory Pain Relief Double Action 20 Pack,$16.50,$0.83 / 1EA
Zovirax Cold Sore Cream 2g,$16.80,$84.00 / 10G
Tena Pads Instadry Long Length 8 Pack,$4.40,$0.55 / 1EA
L'oreal Elvive Dream Lengths Restoring Shampoo 300ml,$8.50,$2.83 / 100ML
Rexona Women Advanced Protection Invisible Dry Pure 220ml,$9.50,$4.32 / 100ML
Pantene Ultimate 10 Repair & Protect Shampoo For Damage 900ml,$10.00,$1.11 / 100ML
Garnier Eye Tissue Mask Hyaluronic Acid & Orange Each,$5.00,$83.33 / 100G
Manicare Precision Tweezers Pink Each,$13.50,$13.50 / 1EA
No Issues Creme Clouds Luxurious Facial Tissues 3 Ply 90 Pack,$3.60,$6.00 / 100SS
Wet Ones Moist Wipes Be Fresh 80 Pack,$6.80,$0.09 / 1EA
Palmolive Foaming Liquid Hand Wash Soap Vanilla & Berry Refill 500ml,$4.00,$0.80 / 100ML
Simple Kind To Skin Facial Wash Moisturising 150ml,$8.00,$5.33 / 100ML
Neutrogena Beach Defence Spray Sunscreen Spf 50 184g,$20.00,$10.87 / 100G
Veet Hair Removal Cream Sensitive 100g,$7.00,$7.00 / 100G
Essentials Facial Tissues 224 Pack,$1.70,$0.76 / 100SS
Kleenex Everyday 2 Ply Facial Tissues 200 Pack,$3.00,$1.50 / 100SS
Quilton Facial Tissues Soft White 95 Pack,$1.40,$1.47 / 100SS
Kleenex Aloe Vera & Vitamin E 3 Ply Facial Tissues 95 Pack,$2.60,$2.74 / 100SS
Kleenex Aloe Vera & Vitamin E 3 Ply Facial Tissues 140 Pack,$3.60,$2.57 / 100SS
Symphony Facial Tissues White 228ss 3 Pack,$5.00,$0.73 / 100SS
Kleenex Large & Thick 3 Ply Facial Tissues 95 Pack,$2.80,$2.95 / 100SS
Swisspers Cotton Tips 240 Pack,$4.80,$2.00 / 100EA
Herbal Essences Bio:renew Argan Oil Of Morocco Repairing Shampoo 400ml,$13.50,$3.38 / 100ML
Oral-b Electric Toothbrush Precision Precision Clean Head 2 Pack,$16.00,$8.00 / 1EA
Nair Sensitive Wax Strips 40 Pack,$15.00,$0.38 / 1EA
U By Kotex Ultrathin Pads Regular With Wings 14 Pack,$3.50,$0.25 / 1EA
Sukin Natural Balance Conditioner 1l,$23.00,$2.30 / 100ML
Oral-b Sensitivity & Gum All Day Protection Fluoride Toothpaste 90g,$10.00,$11.11 / 100G
Sukin Blemish Control Clearing Facial Wash 125ml,$8.00,$6.40 / 100ML
Gillette Shaving Foam Sensitive Skin Value Pack 333g,$5.50,$1.65 / 100G
Oral-b 3d White Whitestrips Advanced Seal Whitening Treatments Each,$36.00,$2.57 / 1EA
Head & Shoulders Smooth & Silky Anti Dandruff Shampoo 660ml,$21.00,$3.18 / 100ML
Sensodyne Mouthwash Alcohol Free Cool Mint Gentle 500ml,$9.90,$1.98 / 100ML
Rexona Men Advanced Workout Anti Perspirant Aerosol Deodorant 220ml,$9.50,$4.32 / 100ML
Sukin Cleansing Hand Wash Refill 1l,$13.00,$1.30 / 100ML
Colgate 360 Advanced Bacteria Removing Action Soft Toothbrush Each,$6.00,$6.00 / 1EA
Cashmere Bouquet Talcum Powder With A Fresh Scent Of Lavender 250g,$4.00,$1.60 / 100G
Woolworths Everyday Sunscreen Sensitive Spray Spf50+ 200ml,$8.00,$4.00 / 100ML
Schwarzkopf Extra Care Ultimate Repair Strengthening Shampoo 400ml,$9.00,$2.25 / 100ML
Sukin Signature Cream Cleanser Pump 125ml,$7.50,$6.00 / 100ML
Vicks Vapodrop & Cough Sore Throat Lozenges Honey Lemon 36 Pack,$10.90,$0.30 / 1EA
Garnier Micellar Cleansing Wipes For All Skin Types 25 Pack,$8.00,$0.32 / 1EA
Colgate Slim Soft Advanced Ultra Soft Toothbrush Value 2 Pack,$10.00,$5.00 / 1EA
Rexona Men Antiperspirant Aerosol Deodorant Invisible Dry 220ml,$9.50,$4.32 / 100ML
Schwarzkopf Extra Care Liquid Silk Smoothing Shampoo 400ml,$9.00,$2.25 / 100ML
Dove Beauty Cream Bar Original Soap 90g X 6 Pack,$8.80,$1.63 / 100G
Essentials Facial Tissues 224 Pack,$1.70,$0.76 / 100SS
Kleenex Everyday 2 Ply Facial Tissues 200 Pack,$3.00,$1.50 / 100SS
Quilton Facial Tissues Soft White 95 Pack,$1.40,$1.47 / 100SS
Kleenex Aloe Vera & Vitamin E 3 Ply Facial Tissues 95 Pack,$2.60,$2.74 / 100SS
Kleenex Aloe Vera & Vitamin E 3 Ply Facial Tissues 140 Pack,$3.60,$2.57 / 100SS
Symphony Facial Tissues White 228ss 3 Pack,$5.00,$0.73 / 100SS
Kleenex Large & Thick 3 Ply Facial Tissues 95 Pack,$2.80,$2.95 / 100SS
Swisspers Cotton Tips 240 Pack,$4.80,$2.00 / 100EA
Band-aid Tough Strips Brand 40 Pack,$4.80,$0.12 / 1EA
My Soda Hydrate Conditioner 350ml,$10.00,$2.86 / 100ML
Strepsils Extra Honey And Lemon Sore Throat Fast Numb Lozenges 16 Pack,$9.00,$0.56 / 1EA
Tena Active Panty Liners Odour Control 30 Pack,$3.85,$0.13 / 1EA
Colgate Slim Soft Advanced Charcoal Bristles Ultra Soft Toothbrush 1 Pack,$6.00,$6.00 / 1EA
Natures Organics Turning Point 2-in-1 Normal 400ml,$3.00,$0.75 / 100ML
Sunsilk Clean & Fresh Conditioner 700ml,$12.00,$1.71 / 100ML
Tresemme Volume & Fullness Shampoo Multi-vitamins & Coconut Oil 940ml,$9.80,$1.04 / 100ML
T.n. Dickinson's Toners Witch Hazel 240ml,$10.00,$4.17 / 100ML
Elastoplast Rigid Strapping Tape For Prevention & Support 15m Each,$10.00,$10.00 / 1EA
Sukin Cleansing Hand Wash Bergamot & Patchouli Pump 500ml,$5.50,$1.10 / 100ML
Rexona Men Antiperspirant Aerosol Deodorant Quantum 250ml,$6.00,$2.40 / 100ML
Palmolive Antibacterial Liquid Hand Wash Soap White Tea Refill 1l,$7.00,$0.70 / 100ML
Colgate Bamboo Charcoal Biodegradable Toothbrush Bpa Free Medium 2 Pack,$10.00,$10.00 / 1EA
Schick Mens Razor Disposable Xtreme 3 Sensitive 4 Pack,$6.00,$1.50 / 1EA
Sunsilk Keratin Conditioner Defeat Damage 700ml,$12.00,$1.71 / 100ML
Dove Shampoo Daily Care With Lightweight Technology 320ml,$7.70,$2.41 / 100ML
Cancer Council Watersport Spf50+ Sunscreen Pump 500ml,$29.00,$5.80 / 100ML
Tena Insta Dry Pads Standard Length 20 Pack,$10.00,$0.50 / 1EA
Schwarzkopf Extra Care Marrakesh Oil & Coconut Replenishing Shampoo 950ml,$19.00,$2.00 / 100ML
Dove Body Wash Triple Moisturising Triple Moisturising 1l,$17.00,$1.70 / 100ML
Rexona Women Clinical Antiperspirant Deodorant Summer Strength 45ml,$14.00,$31.11 / 100ML
Palmolive Antibacterial Foaming Liquid Hand Wash Soap Refill Lime 500ml,$4.00,$0.80 / 100ML
Palmolive Antibacterial Liquid Hand Wash Soap Sea Minerals Refill 1l,$7.00,$0.70 / 100ML
Essentials Facial Tissues 224 Pack,$1.70,$0.76 / 100SS
Kleenex Everyday 2 Ply Facial Tissues 200 Pack,$3.00,$1.50 / 100SS
Quilton Facial Tissues Soft White 95 Pack,$1.40,$1.47 / 100SS
Kleenex Aloe Vera & Vitamin E 3 Ply Facial Tissues 95 Pack,$2.60,$2.74 / 100SS
Kleenex Aloe Vera & Vitamin E 3 Ply Facial Tissues 140 Pack,$3.60,$2.57 / 100SS
Symphony Facial Tissues White 228ss 3 Pack,$5.00,$0.73 / 100SS
Kleenex Large & Thick 3 Ply Facial Tissues 95 Pack,$2.80,$2.95 / 100SS
Swisspers Cotton Tips 240 Pack,$4.80,$2.00 / 100EA
Dove Cucumber Beauty Cream Soap Bar 4 Bars 360g,$4.50,$1.25 / 100G
L'oreal Elvive Colour Protecting Shampoo 300ml,$8.50,$2.83 / 100ML
Pantene Pro-v Classic Clean Shampoo 375ml,$5.00,$1.33 / 100ML
Gillette Venus Daisy Classic Disposable Razors 5 Pack,$5.50,$1.10 / 1EA
Banana Boat Spf 50+ Sunscreen Sport Spray 175g,$21.00,$12.00 / 100G
Rexona Women Advanced Protection Antiperspirant Bright Bouquet 220ml,$9.50,$4.32 / 100ML
Colgate 360 Optic White Battery Power Whitening Toothbrush Medium Each,$4.00,$4.00 / 1EA
Nivea Refreshing Facial Toner For Normal & Combination Skin 200ml,$7.80,$3.90 / 100ML
Sukin Sensitive Cleansing Gel 125ml,$7.50,$7.50 / 1EA
Mcobeauty Perfect Tweezers 4 Pack,$15.00,$15.00 / 1EA
Oc Naturals Conditioner Dry Nourish 725ml,$6.40,$0.88 / 100ML
Oral-b 3d White Enamel Strong Whitening Toothpaste 95g,$16.00,$16.84 / 100G
Rexona Women Advanced Protection Anti Perspirant Shower Fresh 220ml,$9.50,$4.32 / 100ML
Sundae Pomegranate Fizz Shower Foam 265ml,$13.40,$5.06 / 100ML
Vaseline Intensive Care Cocoa Glow Body Lotion 750ml,$16.00,$2.13 / 100ML
Vaseline Intensive Care Body Lotion Deep Restore 225ml,$6.50,$2.89 / 100ML
Jack N' Jill Natural Toothpaste Milkshake 50g,$7.50,$15.00 / 100G
Sundae Cherry On Top Shower Foam Kadadu Plum & Finger Lime 265ml,$13.40,$5.06 / 100ML
Thursday Plantation Oil Tea Tree 15ml,$6.50,$43.33 / 100ML
"Tresemme Colour Revitalise Shampoo Vit E, Agran Oil & Green Tea 940ml",$9.80,$1.04 / 100ML
Sambucol Soothing Throat Lozenges Black Elderberry 16 Pack,$8.00,$0.50 / 1EA
Sun Zapper Zinc Light Skin Tone Sunscreen 12g,$11.00,$91.67 / 100G
Essentials Facial Tissues 224 Pack,$1.70,$0.76 / 100SS
Kleenex Everyday 2 Ply Facial Tissues 200 Pack,$3.00,$1.50 / 100SS
Quilton Facial Tissues Soft White 95 Pack,$1.40,$1.47 / 100SS
Kleenex Aloe Vera & Vitamin E 3 Ply Facial Tissues 95 Pack,$2.60,$2.74 / 100SS
Kleenex Aloe Vera & Vitamin E 3 Ply Facial Tissues 140 Pack,$3.60,$2.57 / 100SS
Symphony Facial Tissues White 228ss 3 Pack,$5.00,$0.73 / 100SS
Kleenex Large & Thick 3 Ply Facial Tissues 95 Pack,$2.80,$2.95 / 100SS
Swisspers Cotton Tips 240 Pack,$4.80,$2.00 / 100EA
Mennen Lady Speed Stick Fresh Infusions Orchard Blossom 45g,$4.00,$8.89 / 100G
Gillette Venus Smooth Razor Blades 4 Pack,$17.50,$4.38 / 1EA
Nivea Sun Sensitive Protect Sunscreen Lotion Spf50 100ml,$14.00,$14.00 / 100ML
Schwarzkopf Extra Care Colour Perfector Protecting Shampoo 400ml,$9.00,$2.25 / 100ML
Tena Pants For Women Large 8 Pack,$14.30,$1.79 / 1EA
Tena Liners Ultra Long 22 Pack,$3.85,$0.18 / 1EA
Strepsils Sore Throat Sugar Free Lemon Lozenges 36 Pack,$12.00,$0.33 / 1EA
Banana Boat Kids Sunscreen Roll On 50+ 75ml,$12.50,$16.67 / 100ML
Sanofi Shave Cream Moisturising Shaving Cream 75g,$2.65,$3.53 / 100G
Simple Kind To Skin Micellar Water Wipes Biodegradable 20 Pack,$4.90,$0.25 / 1EA
Herbal Essences Bio:renew Argan Oil Of Morocco Repairing Shampoo 600ml,$19.00,$3.17 / 100ML
Sukin Signature Cleansing Hand Wash 500ml,$5.50,$1.10 / 100ML
Libra Ultra Thins Sanitary Pads Thin Regular 14 Pack,$3.50,$0.25 / 1EA
Sukin Rosehip Rejuvenating Facial Scrub 125ml,$8.00,$6.40 / 100ML
Simple Cleanser Vital Vitamin Foaming 150ml,$10.00,$6.67 / 100ML
Sukin Signature Moisture Restoring Night Cream 120ml,$11.00,$9.17 / 100ML
The Wiggles Toothpaste Strawberry Flavour Sugar Free 2-5 Years 96g,$2.80,$2.92 / 100G
Cancer Council Moisture Sunscreen Spf 50+ 110ml,$14.00,$12.73 / 100ML
Rexona Women Antiperspirant Aerosol Antibacterial Protection 250ml,$6.00,$2.40 / 100ML
Sundae Coconut Foam Whipped Shower Foam With Plum & Lime 265ml,$13.40,$5.06 / 100ML
Panadol Rapid For Pain Relief Paracetamol 500 Mg 20 Pack,$6.00,$0.30 / 1EA
Sambucol Cold & Flu Forte Plus Vit C & Zinc Capsules 24 Pack,$15.20,$0.63 / 1EA
Redwin Sorbolene Daily Moisturiser 550ml,$4.80,$0.87 / 100ML
Schwarzkopf Extra Care Push Up Volume Lifting Shampoo 400ml,$9.00,$2.25 / 100ML
Essentials Facial Tissues 224 Pack,$1.70,$0.76 / 100SS
Kleenex Everyday 2 Ply Facial Tissues 200 Pack,$3.00,$1.50 / 100SS
Quilton Facial Tissues Soft White 95 Pack,$1.40,$1.47 / 100SS
Kleenex Aloe Vera & Vitamin E 3 Ply Facial Tissues 95 Pack,$2.60,$2.74 / 100SS
Kleenex Aloe Vera & Vitamin E 3 Ply Facial Tissues 140 Pack,$3.60,$2.57 / 100SS
Symphony Facial Tissues White 228ss 3 Pack,$5.00,$0.73 / 100SS
Kleenex Large & Thick 3 Ply Facial Tissues 95 Pack,$2.80,$2.95 / 100SS
Swisspers Cotton Tips 240 Pack,$4.80,$2.00 / 100EA
Veet Pure Cold Wax Strips Legs & Body 40 Pack,$15.20,$0.38 / 1EA
Neutrogena Ultra Sheer Face Lotion Sunscreen Spf 50 88ml,$18.00,$20.45 / 100ML
Tresemme Nourish & Shine Shampoo With Vitamin E & Hemp Seed Oil 940ml,$9.80,$1.04 / 100ML
Sambucol Kids Immunity Gummies 50 Pack,$11.65,$0.23 / 1EA
Vicks Vapodrop & Cough Sore Throat Lozenges Honey Lemon 16 Pack,$6.50,$0.41 / 1EA
No Issues Facial Tissues Pocket Pack 6 Pack,$2.70,$4.50 / 100SS
Palmolive Luminous Oils Coconut Oil & Frangipani Conditioner 350ml,$4.80,$1.37 / 100ML
Grants Of Australia Fresh Mint Natural Toothpaste With Fluoride 110g,$4.50,$4.09 / 100G
Sukin Botanical Body Wash Bergamot & Patchouli 500ml,$5.50,$1.10 / 100ML
Tena Mini Plus Pads 16 Pack,$4.40,$0.28 / 1EA
Banana Boat Spf 50+ Sunscreen Sport 400g,$24.00,$6.00 / 100G
Nivea Sun Sensitive Protect Sunscreen Lotion Spf50 200ml,$20.00,$10.00 / 100ML
Gillette Venus Comfortglide White Tea Razor Blades 4 Pack,$23.50,$5.88 / 1EA
Strepsils Herbal Cough Blocked Nose Sore Throat Lozenges Honey Lemon 16 Pack,$8.00,$0.50 / 1EA
U By Kotex Ultrathin Pads Super With Wings 12 Pack,$3.50,$0.29 / 1EA
Schwarzkopf Extra Care Ultimate Repair Strengthening Shampoo 950ml,$19.00,$2.00 / 100ML
Libra Ultra Thins Pads Wings Regular 14 Pack,$3.50,$0.25 / 1EA
Sukin Hydrating Shampoo 1l,$23.00,$2.30 / 100ML
Oral-b Sensitivity & Gum Extra Fresh Breath Toothpaste Soft Mint 90g,$10.00,$11.11 / 100G
Red Seal Strong Mint Toothpaste 100g,$3.60,$3.60 / 100G
Palmolive Naturals Intensive Moisture Hair Conditioner Coco & Milk 700ml,$7.00,$1.00 / 100ML
Gillette Venus Satin Care Shaving Gel Sensitive Skin 195g,$8.00,$4.10 / 100G
Palmolive Naturals Anti-dandruff 2in1 Shampoo & Hair Conditioner 350ml,$6.00,$1.71 / 100ML
Essentials Facial Tissues 224 Pack,$1.70,$0.76 / 100SS
Kleenex Everyday 2 Ply Facial Tissues 200 Pack,$3.00,$1.50 / 100SS
Quilton Facial Tissues Soft White 95 Pack,$1.40,$1.47 / 100SS
Kleenex Aloe Vera & Vitamin E 3 Ply Facial Tissues 95 Pack,$2.60,$2.74 / 100SS
Kleenex Aloe Vera & Vitamin E 3 Ply Facial Tissues 140 Pack,$3.60,$2.57 / 100SS
Symphony Facial Tissues White 228ss 3 Pack,$5.00,$0.73 / 100SS
Kleenex Large & Thick 3 Ply Facial Tissues 95 Pack,$2.80,$2.95 / 100SS
Swisspers Cotton Tips 240 Pack,$4.80,$2.00 / 100EA
Sukin Sensitive Facial Moisturiser Pump 125ml,$7.50,$6.00 / 100ML
Sudafed Pe Sinus + Pain Relief 20 Pack,$14.00,$0.70 / 1EA
Sukin Botanical Body Wash Ylang Ylang & Cedar 500ml,$5.50,$1.10 / 100ML
Banana Boat Spf 50+ Sunscreen Sport 200g,$19.00,$9.50 / 100G
Pantene Daily Moisture Renewal Conditioner 90ml,$3.00,$3.33 / 100ML
Vicks Vapo Naturals Honey Drops 19 Pack,$4.40,$0.23 / 1EA
Sukin Signature Botanical Body Wash 500ml,$5.50,$1.10 / 100ML
Surf Life Saving Sunscreen Sport Spray Spf 50+ 175g,$19.00,$10.86 / 100G
Voeu Clarifying Exfoliating Scrub 150ml,$5.50,$3.67 / 100ML
My Soda Smooth Shampoo Refill 500ml,$12.00,$2.40 / 100ML
Palmolive Naturals Smooth & Shine Shampoo Keratin & Argan Oil 700ml,$7.00,$1.00 / 100ML
Rexona Men Antiperspirant Aerosol Deodorant Spray Ice Cool 250ml,$6.00,$2.40 / 100ML
Invisible Zinc Sport Spf 50+ Mineral Sunscreen Cream 100g,$29.00,$29.00 / 100ML
Voltaren 12 Hourly Osteo Gel 100g,$32.00,$32.00 / 100G
Schwarzkopf Extra Care Ultimate Repair Strengthening Conditioner 400ml,$9.00,$2.25 / 100ML
Balnea Cleansing Puff Assorted Each,$2.20,$2.20 / 1EA
Telfast Hayfever Allergy Relief 60mg Antihistamine Tablets 10 Pack,$7.35,$0.74 / 1EA
Original Source Body Wash Creamy Vanilla & Raspberry Shower Gel 250ml,$5.00,$2.00 / 100ML
Vaseline Intensive Care Body Lotion Aloe Soothe 225ml,$6.50,$2.89 / 100ML
Herbal Essences Bio:renew Coconut Milk Hydrating Shampoo 600ml,$19.00,$3.17 / 100ML
Dettol Antibacterial Liquid Hand Wash Pump Aloe Vera And Vitamin E 250ml,$2.80,$1.12 / 100ML
Oral-b Dental Floss Satin Tape Mint 25 Meters Each,$3.20,$0.13 / 1M
Strepsils Extra Blackcurrant Fast Numbing Pain Relief Lozenges 36 Pack,$17.00,$17.00 / 1EA
Essentials Facial Tissues 224 Pack,$1.70,$0.76 / 100SS
Kleenex Everyday 2 Ply Facial Tissues 200 Pack,$3.00,$1.50 / 100SS
Quilton Facial Tissues Soft White 95 Pack,$1.40,$1.47 / 100SS
Kleenex Aloe Vera & Vitamin E 3 Ply Facial Tissues 95 Pack,$2.60,$2.74 / 100SS
Kleenex Aloe Vera & Vitamin E 3 Ply Facial Tissues 140 Pack,$3.60,$2.57 / 100SS
Symphony Facial Tissues White 228ss 3 Pack,$5.00,$0.73 / 100SS
Kleenex Large & Thick 3 Ply Facial Tissues 95 Pack,$2.80,$2.95 / 100SS
Swisspers Cotton Tips 240 Pack,$4.80,$2.00 / 100EA
Oral-b Cross Action Charcoal Manual Toothbrush Each,$6.00,$6.00 / 1EA
Vo5 Groomed Wax Styling 75ml,$6.00,$8.00 / 100ML
Anihana Shower Steamer Mint Refresher With Peppermint & Eucalyptus 50g,$5.00,$10.00 / 100G
Banana Boat Kids Sunscreen Spf 50+ 400g,$24.00,$6.00 / 100G
Banana Boat Spf 50+ Sunscreen Sensitive 200g,$19.00,$9.50 / 100G
"Tresemme Colour Revitalise Conditioner Vit E, Agran Oil & Green Tea 940ml",$9.80,$1.04 / 100ML
Sambucol Kids Throat Pops 8 Pack,$9.00,$1.13 / 1EA
Tena Men Level 2 10 Pack,$8.80,$0.88 / 1EA
Essentials Paracetamol 500mg Tablets 20 Pack,$0.80,$0.04 / 1EA
Nivea Refreshing Biodegradable Face Cleansing Makeup Wipes 25 Pack,$5.10,$0.20 / 1EA
Schwarzkopf Extra Care Liquid Silk Smoothing Conditioner 400ml,$9.00,$2.25 / 100ML
Garnier Fructis Normal Strength & Shine Conditioner 315ml,$5.60,$1.78 / 100ML
Nivea Sun Ultra Sport Cooling Trigger Sunscreen Spray Spf50+ 300ml,$26.00,$8.67 / 100ML
Sukin Green Tea Hydrating Mist Toner 125ml,$7.00,$5.60 / 100ML
Bondi Sands Self Tan Foam Dark 200ml,$15.40,$7.70 / 100ML
Oral-b Electric Toothbrush Sensitive Toothbrush Replacement Heads 2 Pack,$16.00,$8.00 / 1EA
Thursday Plantation Deodorant Roll On Teatree 60ml,$5.00,$8.33 / 100ML
Veet Hair Removal Cream Sensitive Skin 400ml,$16.80,$4.20 / 100ML
Bic Flex 2 Hybrid Shaver 10 Pack,$10.50,$1.05 / 1EA
Palmolive Kids Shampoo Conditioner And Body Wash Strawberry Trolls 700ml,$7.00,$1.00 / 100ML
Original Source Body Wash Tingly Mint & Tea Tree Shower Gel 250ml,$5.00,$2.00 / 100ML
Rennie Indigestion & Heartburn Relief Spearmint Chewable Tablets 48 Pack,$10.00,$0.21 / 1EA
Palmolive Naturals Body Wash Milk & Honey Shower Gel 1l,$10.00,$1.00 / 100ML
Schwarzkopf Extra Care Marrakesh Oil & Coconut Conditioner 400ml,$9.00,$2.25 / 100ML
Essentials Facial Tissues 224 Pack,$1.70,$0.76 / 100SS
Kleenex Everyday 2 Ply Facial Tissues 200 Pack,$3.00,$1.50 / 100SS
Quilton Facial Tissues Soft White 95 Pack,$1.40,$1.47 / 100SS
Kleenex Aloe Vera & Vitamin E 3 Ply Facial Tissues 95 Pack,$2.60,$2.74 / 100SS
Kleenex Aloe Vera & Vitamin E 3 Ply Facial Tissues 140 Pack,$3.60,$2.57 / 100SS
Symphony Facial Tissues White 228ss 3 Pack,$5.00,$0.73 / 100SS
Kleenex Large & Thick 3 Ply Facial Tissues 95 Pack,$2.80,$2.95 / 100SS
Swisspers Cotton Tips 240 Pack,$4.80,$2.00 / 100EA
Garnier Fructis Full & Luscious Shampoo 315ml,$5.60,$1.78 / 100ML
My Soda Smooth Shampoo 350ml,$10.00,$2.86 / 100ML
Help@hand Make Up Pads 80 Pack,$1.50,$1.88 / 100EA
Sukin Hydrating Conditioner 1l,$23.00,$2.30 / 100ML
Radox Bath Salt Muscle Soothe 500g,$8.25,$1.65 / 100G
Balnea Refreshing Lime Zest Anti Bacterial Hand Wash Refill 1l,$3.50,$0.35 / 100ML
Head & Shoulders Dry Scalp Care Anti Dandruff Shampoo For Dry Scalp 660ml,$21.00,$3.18 / 100ML
Pantene Pro-v Daily Moisture Renewal Conditioner 375ml,$5.00,$1.33 / 100ML
Swisspers Cotton Balls Extra Large 100 Pack,$4.10,$4.10 / 100EA
Rexona Women Clinical Antiperspirant Aerosol Summer Strength 180ml,$12.00,$6.67 / 100ML
My Soda Hydrate Shampoo Refill 500ml,$6.00,$1.20 / 100ML
Sukin Purely Ageless Restorative Night Cream 120ml,$15.00,$12.50 / 100ML
Nivea Sensitive Biodegradable Face Cleansing Makeup Wipes 25 Pack,$5.10,$0.20 / 1EA
Vaseline Expert Care Dry Skin Rescue Advanced Strength Body Lotion 550ml,$15.00,$2.73 / 100ML
Marzena Natural Facial Wax Strips 20 Pack,$9.00,$0.45 / 1EA
Schick Intuition Razor Pure Nourish Cartridges 3 Pack,$15.50,$5.17 / 1EA
Cancer Council Face Day Wear Moisturiser Matte Invisible Spf 50+ 75ml,$14.50,$19.33 / 100ML
Surf Life Saving Spf50+ Daily Sunscreen 1l,$29.00,$2.90 / 100ML
Vicks Vapodrop & Cough Sore Throat Lozenges Immune Orange 36 Pack,$15.90,$0.44 / 1EA
Anihana Shower Steamer Lavender Love With Lavender Essential Oil 50g,$5.00,$10.00 / 100G
Essentials Ibuprofen 200mg Tablets 24 Pack,$1.55,$0.06 / 1EA
Pantene Pro-v Colour Protection Shampoo For Coloured Hair 900ml,$10.00,$1.11 / 100ML
Oral B Complete 5 Way Clean Toothbrush Soft 3 Pack,$10.00,$3.33 / 1EA
Essentials Facial Tissues 224 Pack,$1.70,$0.76 / 100SS
Kleenex Everyday 2 Ply Facial Tissues 200 Pack,$3.00,$1.50 / 100SS
Quilton Facial Tissues Soft White 95 Pack,$1.40,$1.47 / 100SS
Kleenex Aloe Vera & Vitamin E 3 Ply Facial Tissues 95 Pack,$2.60,$2.74 / 100SS
Kleenex Aloe Vera & Vitamin E 3 Ply Facial Tissues 140 Pack,$3.60,$2.57 / 100SS
Symphony Facial Tissues White 228ss 3 Pack,$5.00,$0.73 / 100SS
Kleenex Large & Thick 3 Ply Facial Tissues 95 Pack,$2.80,$2.95 / 100SS
Swisspers Cotton Tips 240 Pack,$4.80,$2.00 / 100EA
Woolworths All Smiles Dental Floss Total Care Mint Picks 36 Pack,$1.80,$0.05 / 1EA
Sambucol Black Elderberry Immune Defence Forte Hard Capsules 30 Pack,$15.20,$0.51 / 1EA
Jack N' Jill Kids Bio Toothbrush Assorted Each,$5.00,$5.00 / 1EA
Difflam Sore Throat Spray 30ml,$12.00,$40.00 / 100ML
Freshwater Farm Sandalwood Oil & Kunzea Soap Bar 200g,$4.50,$2.25 / 100G
Tena Men Absorbent Protector Level 3 8 Pack,$8.80,$1.10 / 1EA
Oral-b Pro 100 Crossaction Midnight Black Electric Toothbrush Each,$80.00,$80.00 / 1EA
Tresemme Nourish & Shine Conditioner With Vitamin E & Hemp Seed Oil 940ml,$9.80,$1.04 / 100ML
Bic Hybrid 3 Comfort Shaver 12 Pack,$10.85,$0.90 / 1EA
Tresemme Volume & Fullness Conditioner Multi-vitamins & Coconut Oil 940ml,$9.80,$1.04 / 100ML
Sukin Signature Natural Deodorant Pump 125ml,$4.00,$3.20 / 100ML
Bondi Sands Tanning Mitt Tanning Mitt Each,$7.00,$7.00 / 1EA
Sukin Rosehip Nourishing Cream Cleanser 125ml,$8.00,$8.00 / 1EA
Dermaveen Soap-free Body Wash Oatmeal 500ml,$12.00,$2.40 / 100ML
D3 Strapping Tape Rigid 13.7m Each,$10.00,$10.00 / 1EA
Dove Men Hair Shampoo Fresh Clean 2 In 1 300ml,$5.00,$1.67 / 100ML
Sukin Haircare Deep Cleanse Shampoo 500ml,$9.50,$1.90 / 100ML
Dermaveen Body Wash Soap Free 500ml,$10.20,$2.04 / 100ML
Strepsils Herbal Cough Blocked Nose Sore Throat Lozenges Fresh Menthol 16 Pack,$7.00,$0.44 / 1EA
My Soda Smooth Conditioner 500ml,$12.00,$2.40 / 100ML
Palmolive 3in1 Shampoo Conditioner & Bodywash Funny Honey 700ml,$7.00,$1.00 / 100ML
"Sukin Anna Cole Body Wash Rosehip, Jojoba & Avocado Oils 1l",$13.00,$1.30 / 100ML
Libra Goodnights Pads Ultra Thin Wings 10 Pack,$3.50,$0.35 / 1EA
Balnea Calming Aloe Vera Anti Bacterial Hand Wash Refill 1l,$3.50,$0.35 / 100ML
Essentials Facial Tissues 224 Pack,$1.70,$0.76 / 100SS
Kleenex Everyday 2 Ply Facial Tissues 200 Pack,$3.00,$1.50 / 100SS
Quilton Facial Tissues Soft White 95 Pack,$1.40,$1.47 / 100SS
Kleenex Aloe Vera & Vitamin E 3 Ply Facial Tissues 95 Pack,$2.60,$2.74 / 100SS
Kleenex Aloe Vera & Vitamin E 3 Ply Facial Tissues 140 Pack,$3.60,$2.57 / 100SS
Symphony Facial Tissues White 228ss 3 Pack,$5.00,$0.73 / 100SS
Kleenex Large & Thick 3 Ply Facial Tissues 95 Pack,$2.80,$2.95 / 100SS
Swisspers Cotton Tips 240 Pack,$4.80,$2.00 / 100EA
Sukin Signature Hand & Nail Cream 125ml,$5.50,$4.40 / 100ML
Pantene Daily Moisture Renewal Nourishing Conditioner 900ml,$10.00,$1.11 / 100ML
Sukin Certified Organic Rosehip Oil 25ml,$13.50,$54.00 / 100ML
Neutrogena Ultra Sheer Body Lotion Sunscreen Spf 50 85ml,$16.00,$18.82 / 100ML
Designer White Tooth Toner Purple Polish Whitening Toothpaste 75ml,$6.00,$8.00 / 100ML
Thursday Plantation Oil Tea Tree 50ml,$18.00,$36.00 / 100ML
My Soda Smooth Conditioner 350ml,$10.00,$2.86 / 100ML
Vaseline Intensive Care Body Lotion Cocoa Glow 225ml,$6.50,$2.89 / 100ML
Designer White Tooth Toner Whitening Strips 28 Pack,$30.00,$1.07 / 1EA
Palmolive Instant Antibacterial Hand Sanitiser Cherry Blossom 48ml,$3.00,$6.25 / 100ML
Nivea Sun Ultra Sport Sunscreen Spray Spf50+ 200ml,$22.00,$11.00 / 100ML
Aveeno Daily Moisture Oat Milk Blend Shampoo For Gentle Cleanse 354ml,$19.50,$5.51 / 100ML
Pantene Pro-v  Sheer Volume Shampoo For Fine Hair 375ml,$5.00,$1.33 / 100ML
Herbal Essences Bio:renew White Grapefruit & Mint Volumising Shampoo 400ml,$13.50,$3.38 / 100ML
Schwarzkopf Extra Care Normal Balance Nourishing Treatment 150ml,$12.00,$8.00 / 100ML
Surf Life Saving Despicable Me Sunscreen Roll On Spf 50+ 75ml,$12.00,$16.00 / 100ML
Panadol Optizorb For Pain Relief Paracetamol 500mg Caplet 20 Pack,$4.00,$0.20 / 1EA
Herbal Essences Conditioner Hello Hydration 300ml,$7.00,$2.33 / 100ML
Garnier Fructis Full & Luscious Shampoo 850ml,$11.90,$1.40 / 100ML
Toni & Guy Casual Sea Salt Texturising Spray 200ml,$9.50,$4.75 / 100ML
Rexona Women Antiperspirant Aerosol Deodorant Classic 250ml,$6.00,$2.40 / 100ML
L'oreal Elvive Dream Lengths Super Detangling Conditioner 300ml,$8.50,$2.83 / 100ML
Garnier Fructis Coconut Water Shampoo Shampoo 315ml,$5.60,$1.78 / 100ML
Essentials Facial Tissues 224 Pack,$1.70,$0.76 / 100SS
Kleenex Everyday 2 Ply Facial Tissues 200 Pack,$3.00,$1.50 / 100SS
Quilton Facial Tissues Soft White 95 Pack,$1.40,$1.47 / 100SS
Kleenex Aloe Vera & Vitamin E 3 Ply Facial Tissues 95 Pack,$2.60,$2.74 / 100SS
Kleenex Aloe Vera & Vitamin E 3 Ply Facial Tissues 140 Pack,$3.60,$2.57 / 100SS
Symphony Facial Tissues White 228ss 3 Pack,$5.00,$0.73 / 100SS
Kleenex Large & Thick 3 Ply Facial Tissues 95 Pack,$2.80,$2.95 / 100SS
Swisspers Cotton Tips 240 Pack,$4.80,$2.00 / 100EA
Nurofen Zavance Fast Pain Relief Caplets 256mg Ibuprofen 24 Pack,$7.50,$0.31 / 1EA
Schick Mens Razor Exacta 2 Disposable Sensitive 18 Pack,$9.10,$0.51 / 1EA
Colgate Optic White Overnight Teeth Whitening Treatment Pen 2.5ml,$35.00,$35.00 / 1EA
Trishave 3in1 Anti-rash Shave Creme With Tea Tree Oil For Men 100g,$7.30,$7.30 / 100G
Thursday Plantation Tea Tree Antiseptic Spray 100ml,$9.50,$9.50 / 100ML
U By Kotex Extra Pads Super With Wings 14 Pack,$3.50,$0.25 / 1EA
Balnea Nourishing Cherry Blossom Hand Wash Refill 1l,$3.50,$0.35 / 100ML
Cancer Council Everyday Value Sunscreen Spf50+ 500ml,$25.00,$5.00 / 100ML
Voeu Refreshing Gel Wash 150ml,$4.00,$2.67 / 100ML
Dove Gentle Beauty Cream Bar Exfoliating Soap 90g X 4 Pack,$4.50,$1.25 / 100G
My Soda Hydrate Conditioner Refill 500ml,$6.00,$1.20 / 100ML
Tena Men Level 1 12 Pack,$8.80,$0.73 / 1EA
Dove Body Wash Restoring Soap With Coconut & Almond Oil Scent 1l,$17.00,$1.70 / 100ML
Schwarzkopf Extra Care Colour Perfector Protecting Conditioner 400ml,$9.00,$2.25 / 100ML
Marzena Natural Body Wax Strips 40 Pack,$15.00,$0.38 / 1EA
Redwin Anti Dandruff Shampoo Coal Tar Treatment 250ml,$5.50,$2.20 / 100ML
Schwarzkopf Extra Care Ultimate Repair Strengthening Conditioner 950ml,$19.00,$2.00 / 100ML
Bic Razor Disposable Twin Easy Sensitive 10 Pack,$3.50,$0.35 / 1EA
The Wiggles Toothpaste Vanilla Flavour Sugar Free 2-5 Years 96g,$2.80,$2.92 / 100G
Nivea Gentle Biodegradable Face Cleansing Makeup Wipes 25 Pack,$5.10,$0.20 / 1EA
Dove Nourishing Moisture Shampoo With Pro Moisture Complex 320ml,$7.70,$2.41 / 100ML
Gillette Venus Smooth Razor Each,$9.50,$9.50 / 1EA
Original Source Body Wash Tropical Coconut & Shea Butter Shower Gel 250ml,$5.00,$2.00 / 100ML
Tradie Date Night Body Spray 160ml,$6.00,$3.75 / 100ML
Essentials Facial Tissues 224 Pack,$1.70,$0.76 / 100SS
Kleenex Everyday 2 Ply Facial Tissues 200 Pack,$3.00,$1.50 / 100SS
Quilton Facial Tissues Soft White 95 Pack,$1.40,$1.47 / 100SS
Kleenex Aloe Vera & Vitamin E 3 Ply Facial Tissues 95 Pack,$2.60,$2.74 / 100SS
Kleenex Aloe Vera & Vitamin E 3 Ply Facial Tissues 140 Pack,$3.60,$2.57 / 100SS
Symphony Facial Tissues White 228ss 3 Pack,$5.00,$0.73 / 100SS
Kleenex Large & Thick 3 Ply Facial Tissues 95 Pack,$2.80,$2.95 / 100SS
Swisspers Cotton Tips 240 Pack,$4.80,$2.00 / 100EA
Neutrogena Beach Defence Sunscreen Lotion Spf 50 400ml,$34.00,$8.50 / 100ML
Bosisto's Antifungal Solution Tea Tree & Clove 100ml,$8.00,$8.00 / 100ML
Schick Razor Blades Quattro For Women Cartridges 4 Pack,$13.50,$3.38 / 1EA
Gillette Mach3+ Shaving Razor Each,$14.00,$14.00 / 1EA
Libra Extra Sanitary Pads Regular 14 Pack,$3.50,$0.25 / 1EA
Sukin Botanical Body Wash Lime & Coconut 1l,$13.00,$1.30 / 100ML
Schwarzkopf Extra Care Normal Balance Nourishing Repair Conditioner 250ml,$12.00,$4.80 / 100ML
Dettol Antibacterial Foam Hand Wash Pump Rose And Cherry 250ml,$3.50,$1.40 / 100ML
U By Kotex Extra Overnight Pads With Wings 10 Pack,$3.50,$0.35 / 1EA
Rexona Women Clinical Roll On Summer Strength 50ml,$8.00,$16.00 / 100ML
Schwarzkopf Extra Care Marrakesh Oil & Coconut Conditioner 950ml,$19.00,$2.00 / 100ML
Palmolive Naturals Body Wash Pomegranate With Mango Shower Gel 1l,$10.00,$1.00 / 100ML
Palmolive Naturals Body Wash Anti Stress Shower Gel 500ml,$6.50,$1.30 / 100ML
Palmolive Naturals Body Wash Milk & Cherry Blossom Shower Gel 1l,$10.00,$1.00 / 100ML
Sukin Blemish Control Oil Free Moisturiser 125ml,$8.00,$6.40 / 100ML
Vaseline Intensive Care Hand Cream Healthy Hands Stronger Nails 75ml,$5.30,$7.07 / 100ML
Tena Ultra Thin Mini Pads 20 Pack,$4.40,$0.22 / 1EA
Tena Pants For Men Level 4 Medium To Large 8 Pack,$15.20,$1.90 / 1EA
Sukin Pureley Ageless Rejuvenating Day Cream 120ml,$15.00,$12.50 / 100ML
U By Kotex Ultrathin Pads Regular No Wings 14 Pack,$3.50,$0.25 / 1EA
Wet Stuff Gold Lubricant Gold 270g,$6.80,$2.52 / 100G
Rexona For Men Clinical Protection Deodorant Sport 180ml,$12.00,$6.67 / 100ML
Essentials Facial Tissues 224 Pack,$1.70,$0.76 / 100SS
Kleenex Everyday 2 Ply Facial Tissues 200 Pack,$3.00,$1.50 / 100SS
Quilton Facial Tissues Soft White 95 Pack,$1.40,$1.47 / 100SS
Kleenex Aloe Vera & Vitamin E 3 Ply Facial Tissues 95 Pack,$2.60,$2.74 / 100SS
Kleenex Aloe Vera & Vitamin E 3 Ply Facial Tissues 140 Pack,$3.60,$2.57 / 100SS
Symphony Facial Tissues White 228ss 3 Pack,$5.00,$0.73 / 100SS
Kleenex Large & Thick 3 Ply Facial Tissues 95 Pack,$2.80,$2.95 / 100SS
Swisspers Cotton Tips 240 Pack,$4.80,$2.00 / 100EA
Palmolive Foaming Liquid Hand Wash Soap Refill Japanese Cherry Blossom 1l,$4.25,$0.43 / 100ML
Balnea Aloe Vera Antibacterial Hand Wash 250ml,$2.40,$0.96 / 100ML
Palmolive Foaming Liquid Hand Wash Soap Vanilla & Sweet Almond 400ml,$3.50,$0.88 / 100ML
Zeiss Lens Wipes 50 Pack,$7.00,$0.14 / 1EA
Cancer Council Everyday Value Sunscreen Spf50+ 110ml,$12.50,$11.36 / 100ML
Ethical Zinc Spf 50+ Natural Clear Zinc Sunscreen 100g,$25.00,$25.00 / 100G
Schwarzkopf Live Colour Silver Toner Semi Permanent Each,$14.00,$18.67 / 100ML
Help@hand Tea Tree Oil 200ml,$7.00,$3.50 / 100ML
Sukin Fresh Cotton Natural Deodorant Pump 125ml,$4.00,$3.20 / 100ML
Sun Zapper Spf50 Mixed Sunscreen Pack Assorted 12g X3 Pack,$21.50,$3.58 / 100G
Vagisil Scentsitive Scents Daily Intimate Wash Peach Blossom 354ml,$8.50,
Balnea Shower Cap Each,$2.00,$2.00 / 1EA
Hawaiian Tropic Tropic Silk Hydration Sunscreen Spray Spf 50 175g,$22.00,$12.57 / 100G
Rimmel Insta Fix & Go Primer & Setting Spray 100ml,$16.00,$16.00 / 100ML
Palmolive Antibacterial Foaming Liquid Hand Wash Soap Pump Lime 250ml,$2.00,$0.80 / 100ML
Vicks Cough Syrup Dry & Chesty 200ml,$14.00,$7.00 / 100ML
Betadine Sore Throat Gargle Ready To Use 120ml,$15.40,$12.83 / 100ML
Herbal Essences Shampoo Colour Me Happy 300ml,$7.00,$2.33 / 100ML
Vo5 Hairspray Extra Hold 200g,$5.00,$2.50 / 100G
Balnea Almond Milk & Jojoba Oil Hand Wash 250ml,$2.40,$0.96 / 100ML
Mcobeauty Super Glow Bronzing Drops 30ml,$32.00,$10.67 / 10ML
Banana Boat Baby Sunscreen Roll On Spf 50+ 75ml,$12.50,$16.67 / 100ML
Essentials Facial Tissues 224 Pack,$1.70,$0.76 / 100SS
Kleenex Everyday 2 Ply Facial Tissues 200 Pack,$3.00,$1.50 / 100SS
Quilton Facial Tissues Soft White 95 Pack,$1.40,$1.47 / 100SS
Kleenex Aloe Vera & Vitamin E 3 Ply Facial Tissues 95 Pack,$2.60,$2.74 / 100SS
Kleenex Aloe Vera & Vitamin E 3 Ply Facial Tissues 140 Pack,$3.60,$2.57 / 100SS
Symphony Facial Tissues White 228ss 3 Pack,$5.00,$0.73 / 100SS
Kleenex Large & Thick 3 Ply Facial Tissues 95 Pack,$2.80,$2.95 / 100SS
Swisspers Cotton Tips 240 Pack,$4.80,$2.00 / 100EA
Voltaren Emulgel No Mess 75g,$21.00,$28.00 / 100G
Banana Boat Ultra Spf 50+ Sunscreen Pump 400g,$24.00,$6.00 / 100G
Sukin Volumising Shampoo 1l,$23.00,$2.30 / 100ML
Bic Flex 4 Hybrid Shaver 4 Pack,$6.65,$1.66 / 1EA
Colgate Brush Your Way Slim Soft Advanced Toothbrush Utra Soft 3 Pack,$6.00,$2.00 / 1EA
Palmolive Naturals Intensive Moisture Shampoo 350ml,$6.00,$1.71 / 100ML
Neutrogena Beach Defence Sunscreen Lotion Spf 50 198ml,$20.00,$10.10 / 100ML
Banana Boat Ultra Clear Spf 50+ Sunscreen Spray 175g,$21.00,$12.00 / 100G
Bondi Sands Self Tan Foam Light Medium 200ml,$15.40,$7.70 / 100ML
Gillette Venus For Pubic Hair & Skin Razor With 2 Razor Blades Each,$23.00,$23.00 / 1EA
Voeu Age Rejuvenate Night Cream 50ml,$7.00,$14.00 / 100ML
Balnea Milk & Honey Body Wash 1l,$4.50,$0.45 / 100ML
Edge Mens Twin Blade Disposable 20 Pack,$4.40,$0.22 / 1EA
Libra Ultra Thins Sanitary Pads Goodnights With Wings 20 Pack,$8.50,$0.43 / 1EA
Help@hand Cotton Tips No Plastic Stems 200 Pack,$2.00,
Palmolive Naturals Active Nourishment Normal Hair Conditioner Aloe 700ml,$7.00,$1.00 / 100ML
Dove Intensive Repair Shampoo With Smart Target Technology 320ml,$7.70,$2.41 / 100ML
Go2 Dentagenie Tongue Cleaner 20 Pack,$3.00,$0.15 / 1EA
Dove Daily Care Shampoo With Lightweight Technology 820ml,$17.00,$2.07 / 100ML
Nurofen Zavance Fast Pain Relief Tablets 256mg Ibuprofen 24 Pack,$7.50,$0.31 / 1EA
Schick Hydro 5 Razor Refill 4 Pack,$17.50,$4.38 / 1EA
Sukin Rosehip Hydrating Day Cream 120ml,$14.00,$14.00 / 1EA
Tradie Stallion Body Deodorant Spray 160ml,$6.00,$3.75 / 100ML
Essentials Facial Tissues 224 Pack,$1.70,$0.76 / 100SS
Kleenex Everyday 2 Ply Facial Tissues 200 Pack,$3.00,$1.50 / 100SS
Quilton Facial Tissues Soft White 95 Pack,$1.40,$1.47 / 100SS
Kleenex Aloe Vera & Vitamin E 3 Ply Facial Tissues 95 Pack,$2.60,$2.74 / 100SS
Kleenex Aloe Vera & Vitamin E 3 Ply Facial Tissues 140 Pack,$3.60,$2.57 / 100SS
Symphony Facial Tissues White 228ss 3 Pack,$5.00,$0.73 / 100SS
Kleenex Large & Thick 3 Ply Facial Tissues 95 Pack,$2.80,$2.95 / 100SS
Swisspers Cotton Tips 240 Pack,$4.80,$2.00 / 100EA
Rexona Women Antiperspirant Aerosol Deodorant Hypo-allergenic 250ml,$6.00,$2.40 / 100ML
Gillette Venus Deluxe Smooth Sensitive Razor Blades 4 Pack,$27.00,$27.00 / 1EA
Thanks To Nature Smooth & Control Shampoo With Keratin 500ml,$9.00,$1.80 / 100ML
Dove Summer Glow Gradual Tan Body Lotion Medium To Dark Skin 250ml,$9.50,$3.80 / 100ML
Cancer Council Active Sunscreen Pump Bottle Spf 50 Plus 200ml,$18.00,$9.00 / 100ML
Palmolive Naturals Active Nourishment Shampoo Aloe Vera 350ml,$6.00,$1.71 / 100ML
Oscar Orsen Nail Scissors Each,$7.00,$7.00 / 1EA
Nivea Sun Protect & Light Feel Sunscreen Lotion Spf30 200ml,$20.00,$10.00 / 100ML
Palmolive Naturals Smooth & Shine Hair Conditioner Keratin 700ml,$7.00,$1.00 / 100ML
Panadol Optizorb For Pain Relief Paracetamol 500mg Tablet 20 Pack,$4.00,$0.20 / 1EA
Vicks First Defence Nasal Spray 15ml,$15.00,$100.00 / 100ML
Gillette Venus Comfortglide White Tea Razor With 2 Razor Blades Each,$17.50,$8.75 / 1EA
Dove Restoring Ritual Shampoo With Coconut Oil 320ml,$7.70,$2.41 / 100ML
Sukin Ocean Mist Natural Deodorant Pump 125ml,$4.00,$3.20 / 100ML
Sukin Volumising Shampoo 500ml,$9.50,$1.90 / 100ML
Schwarzkopf Extra Care Supreme Length Fortifying Shampoo 400ml,$9.00,$2.25 / 100ML
Radox Body Wash Feel Oxygenated 1l,$9.50,$0.95 / 100ML
Banana Boat Kids Sunscreen Spray 50+ 240ml,$19.00,$7.92 / 100ML
Oscar Orsen Scrunchy Scrunchie Each,$4.00,
Oral-b 3d White Perfection Toothpaste Toothpaste 95g,$10.00,$10.53 / 100G
Nivea Gentle Biodegradable Face Cleansing Makeup Wipes 2 Pack,$12.00,$0.24 / 1EA
Nivea Sun Uv Shine Control Spf50+ Sun Mattifying Face Sunscreen 50ml,$17.00,$34.00 / 100ML
Dove Shea Butter Beauty Cream Soap Bars 90g X 6 Pack,$8.80,$1.63 / 100G
Nurofen Pain And Inflammation Relief Tablets 200mg Ibuprofen 24 Pack,$6.00,$0.25 / 1EA
Essentials Facial Tissues 224 Pack,$1.70,$0.76 / 100SS
Kleenex Everyday 2 Ply Facial Tissues 200 Pack,$3.00,$1.50 / 100SS
Quilton Facial Tissues Soft White 95 Pack,$1.40,$1.47 / 100SS
Kleenex Aloe Vera & Vitamin E 3 Ply Facial Tissues 95 Pack,$2.60,$2.74 / 100SS
Kleenex Aloe Vera & Vitamin E 3 Ply Facial Tissues 140 Pack,$3.60,$2.57 / 100SS
Symphony Facial Tissues White 228ss 3 Pack,$5.00,$0.73 / 100SS
Kleenex Large & Thick 3 Ply Facial Tissues 95 Pack,$2.80,$2.95 / 100SS
Swisspers Cotton Tips 240 Pack,$4.80,$2.00 / 100EA
Listerine Freshburst Antibacterial Mouthwash 500ml,$8.00,$1.60 / 100ML
Schick Hydro Silk Razor Blades 4 Pack,$24.00,$6.00 / 1EA
Rexona Women Clinical Antiperspirant Cream Deodorant Shower Clean 45ml,$14.00,$31.11 / 100ML
Difflam Forte Throat Spray 15ml,$17.00,$113.33 / 100ML
Woobamboo Kids Bamboo Toothbrush 2 Pack,$8.00,$4.00 / 1EA
Radox Bath Gel Muscle Soak 500ml,$7.20,$1.44 / 100ML
Rexona Women Antiperspirant Aerosol Advanced Protection Watermelon 220ml,$9.50,$4.32 / 100ML
Head & Shoulders Ultramen Deep Clean 2in1 Dandruff Shampoo & Conditioner 550ml,$20.00,$3.64 / 100ML
Vaseline Lip Care Tub Rosy 7g,$5.00,$71.43 / 100G
Evamay Liners Regular 20 Pack,$1.10,$0.06 / 1EA
Vicks Vaposhower Tablets 5 Pack,$14.90,$2.98 / 1EA
Dove Beauty Cream Bar Sensitive Soap 90g X 6 Pack,$8.80,$1.63 / 100G
Sukin Rosehip Enriching Night Cream 120ml,$14.00,$14.00 / 1EA
Quick-eze Antacids Forest Berry 24 Pack,$7.50,$0.31 / 1EA
Mcobeauty Everyday Precision Tweezer Each,$12.00,
Surf Life Saving Sunscreen Sport Spf 50+ 200ml,$18.00,$9.00 / 100ML
Le Tan Deep Bronze Self Tan Foaming Mousse 110ml,$14.00,$12.73 / 100ML
"Tresemme Length Protect Shampoo With Biotin, Coconut & Jojoba Oils 940ml",$9.80,$1.04 / 100ML
Dove Conditioner Daily Care With Lightweight Technology 320ml,$7.70,$2.41 / 100ML
Libra Goodnights Pads 10 Pack,$3.50,$0.35 / 1EA
Simple Daily Skin Detox Purifying Facial Wash 150ml,$8.00,$5.33 / 100ML
Garnier Fructis Hair Food Volumising Watermelon Shampoo 350ml,$13.00,$3.71 / 100ML
Voeu Hydrating Face Mask Each,$2.40,$2.40 / 1EA
Essentials Facial Tissues 224 Pack,$1.70,$0.76 / 100SS
Kleenex Everyday 2 Ply Facial Tissues 200 Pack,$3.00,$1.50 / 100SS
Quilton Facial Tissues Soft White 95 Pack,$1.40,$1.47 / 100SS
Kleenex Aloe Vera & Vitamin E 3 Ply Facial Tissues 95 Pack,$2.60,$2.74 / 100SS
Kleenex Aloe Vera & Vitamin E 3 Ply Facial Tissues 140 Pack,$3.60,$2.57 / 100SS
Symphony Facial Tissues White 228ss 3 Pack,$5.00,$0.73 / 100SS
Kleenex Large & Thick 3 Ply Facial Tissues 95 Pack,$2.80,$2.95 / 100SS
Swisspers Cotton Tips 240 Pack,$4.80,$2.00 / 100EA
Vo5 Hairspray Firm Hold 200g,$5.00,$2.50 / 100G
Dove Womens Roll On Deodorant Original 50ml,$5.00,$10.00 / 100ML
Dove Summer Glow Body Lotion Fair To Medium Gradual Tan 250ml,$9.50,$3.80 / 100ML
Nivea Micellar Biodegradable Face Cleansing Makeup Wipes 25 Pack,$5.10,$0.20 / 1EA
Vo5 Style Wax Mega Hold Gel Tube 175ml,$5.00,$2.86 / 100ML
Pantene Ultimate 10 Repair & Protect Shampoo For Damage 375ml,$5.00,$1.33 / 100ML
Schwarzkopf Extra Care Push Up Volume Lifting Conditioner 400ml,$9.00,$2.25 / 100ML
Quick-eze Heartburn & Indigestion Relief Original 60 Pack,$9.00,$0.15 / 1EA
Oscar Orsen Disposablewomens Razors 10 Pack,$2.50,$0.25 / 1EA
Pantene Micellar Rosewater Moisturising Shampoo 530ml,$9.00,$1.70 / 100ML
Bondi Sands Spf50+ Fragrance Free Sunscreen Lotion 500ml,$19.60,$3.92 / 100ML
Cancer Council Day Wear Water Resistant Spf 50+ 75ml,$14.50,$19.33 / 100ML
Panadol Extra With Optizorb Paracetamol Pain Relief 20 Pack,$7.50,$0.38 / 1EA
Balnea Pumice Stone Each,$4.00,$4.00 / 1EA
Bondi Sands Spf50 Fragrance Free Lotion 150ml,$10.50,$7.00 / 100ML
Voeu Revitalising Pink Grapefruit Foam Wash 150ml,$4.00,$2.67 / 100ML
Help@hand Cotton Tips 400 Pack,$3.85,$0.96 / 100EA
Sensodyne Complete Care Extrafresh 100g,$12.30,$12.30 / 100G
Banana Boat Spf 50+ Sunscreen Sport Tube 100g,$13.75,$13.75 / 100G
Balnea Moisturising Milk & Honey Hand Wash Refill 1l,$3.50,$0.35 / 100ML
So? Unique Vanilla Candy Body Spray 150ml,$9.95,$6.63 / 100ML
L'oreal Elvive Colour Protecting Conditioner 300ml,$8.50,$2.83 / 100ML
Simple 3% Hyaluronic Acid + B5 Booster Serum 30ml,$14.00,$46.67 / 100ML
Rosken Skin Repair Hand Cream For Dry Skin 75ml,$2.70,$3.60 / 100ML
Essentials Facial Tissues 224 Pack,$1.70,$0.76 / 100SS
Kleenex Everyday 2 Ply Facial Tissues 200 Pack,$3.00,$1.50 / 100SS
Quilton Facial Tissues Soft White 95 Pack,$1.40,$1.47 / 100SS
Kleenex Aloe Vera & Vitamin E 3 Ply Facial Tissues 95 Pack,$2.60,$2.74 / 100SS
Kleenex Aloe Vera & Vitamin E 3 Ply Facial Tissues 140 Pack,$3.60,$2.57 / 100SS
Symphony Facial Tissues White 228ss 3 Pack,$5.00,$0.73 / 100SS
Kleenex Large & Thick 3 Ply Facial Tissues 95 Pack,$2.80,$2.95 / 100SS
Swisspers Cotton Tips 240 Pack,$4.80,$2.00 / 100EA
Palmolive Naturals Body Wash Sea Minerals Shower Gel 1l,$10.00,$1.00 / 100ML
Dove Womens Roll On Deodorant Pomegranate 50ml,$5.00,$10.00 / 100ML
Nivea Men Sensitive Shave Gel With Chamomile & Vitamin E 200ml,$4.50,$2.25 / 100ML
Balnea Oxygen Burst Body Wash 1l,$4.50,$0.45 / 100ML
Sukin Cleansing Hand Wash Reef Aid Sea Breeze 500ml,$5.50,$1.10 / 100ML
Schick Hydro Silk Razor Kit Each,$11.55,$11.55 / 1EA
Palmolive Men's Anti Dandruff Shampoo 350ml,$3.00,$0.86 / 100ML
Dove Nourishing Secrets Strengthening Ritual Shampoo 320ml,$7.70,$2.41 / 100ML
Band-aid Tough Strips Extra Large Fabric Bandages 10 Pack,$4.00,$0.40 / 1EA
Colgate 360 Advanced Toothbrush Soft 4 Pack,$9.00,$2.25 / 1EA
Palmolive Luminous Oils Body Wash Coconut Oil Shower Gel 400ml,$3.00,$0.75 / 100ML
Palmolive Luminous Oils Coconut Oil & Frangipani Shampoo 700ml,$10.00,$1.43 / 100ML
Voeu Age Rejuvenate Day Cream 50ml,$7.00,$14.00 / 100ML
Radox Mineral Therapy Feel Extreme Body Wash & Shower Gel 1l,$9.50,$0.95 / 100ML
Chapstick Lip Care Conditioning Lip Balm Sunscreen Spf15 4.2g,$2.70,$64.29 / 100G
Garnier Fructis Full & Luscious Conditioner 315ml,$5.60,$1.78 / 100ML
Gillette Sensor3 Mens Disposable Razors For Sensitive Skin 4 Pack,$7.50,$1.88 / 1EA
Help@hand Cotton Balls 200 Pack,$2.00,$1.00 / 100EA
Lynx Body Spray Aerosol Deodorant Africa 165ml,$8.00,$4.85 / 100ML
Sukin Haircare Deep Cleanse Conditioner 500ml,$9.50,$1.90 / 100ML
Band-aid First Aid Non-irritating Paper Tape 2.5cm X 9.1m Each,$7.50,$0.82 / 1M
Gillette Venus Smooth Razor Blades 8 Pack,$30.50,$3.81 / 1EA
Schick Razor Quattro For Women + 2 Blades Each,$5.95,$5.95 / 1EA
Essentials Facial Tissues 224 Pack,$1.70,$0.76 / 100SS
Kleenex Everyday 2 Ply Facial Tissues 200 Pack,$3.00,$1.50 / 100SS
Quilton Facial Tissues Soft White 95 Pack,$1.40,$1.47 / 100SS
Kleenex Aloe Vera & Vitamin E 3 Ply Facial Tissues 95 Pack,$2.60,$2.74 / 100SS
Kleenex Aloe Vera & Vitamin E 3 Ply Facial Tissues 140 Pack,$3.60,$2.57 / 100SS
Symphony Facial Tissues White 228ss 3 Pack,$5.00,$0.73 / 100SS
Kleenex Large & Thick 3 Ply Facial Tissues 95 Pack,$2.80,$2.95 / 100SS
Swisspers Cotton Tips 240 Pack,$4.80,$2.00 / 100EA
L'oreal Elvive Extraordinary Oil Shampoo 300ml,$8.50,$2.83 / 100ML
U By Kotex Designer Series Liners Protect Liners 30 Pack,$2.94,$0.10 / 1EA
Tresemme Length Protect Conditioner Biotin Coconut & Jojoba Oils 940ml,$9.80,$1.04 / 100ML
"Sukin Anna Cole Body Wash Rosehip, Jojoba & Avocado Oils 500ml",$5.50,$1.10 / 100ML
Nyal Gentle Relief Saline 30ml,$10.00,$33.33 / 100ML
Simple Biodegradable Facial Wipes 25 Pack,$6.30,$0.25 / 1EA
Betadine Sore Throat Lozenges Anaesthetic Honey & Lemon 36 Pack,$10.00,$0.28 / 1EA
Nivea Sun Protect & Moisture Lock Sunscreen Spray Spf30 200ml,$22.00,$11.00 / 100ML
Pantene Pro-v Smooth & Sleek Shampoo For Frizzy Hair 375ml,$5.00,$1.33 / 100ML
Bondi Sands Tanning Gradual Tan 375ml,$14.00,$3.73 / 100ML
Dove Go Fresh Body Wash Pomegranate & Lemon Verbena Scent 1l,$17.00,$1.70 / 100ML
Mcobeauty Xtendlash Each,$28.00,$40.00 / 10ML
Quick-eze Heartburn & Indigestion Relief Chewy Peppermint 24 Pack,$7.50,$0.31 / 1EA
Voeu Toner With Witch Hazel 200ml,$6.00,$3.00 / 100ML
Veet In Shower Hair Removal Cream Sensitive 150g,$11.20,$7.47 / 100G
Bic 1 Sensitive Disposable Razor 10 Pack,$4.50,$0.45 / 1EA
Hawaiian Tropic Tropic Silk Hydration Sunscreen Lotion Spf 50 180ml,$19.00,$10.56 / 100ML
Rexona Women Clinical Protection Antiperspirant Cream Deodorant 45ml,$14.00,$31.11 / 100ML
Schick Xtreme 3 Sensitive Disposable Razors 14 Pack,$14.00,$1.00 / 1EA
Head & Shoulders Supreme Moisture Anti Dandruff Shampoo 550ml,$20.00,$3.64 / 100ML
Head & Shoulders Ultramen Old Spice 2in1 Dandruff Shampoo & Conditioner 550ml,$20.00,$3.64 / 100ML
U By Kotex Sport Ultrathin Pads Super With Wings 10 Pack,$3.92,$0.39 / 1EA
Schwarzkopf Extra Care Ultimate Repair Strengthening Treatment Mask 300ml,$13.00,$4.33 / 100ML
Essentials Facial Tissues 224 Pack,$1.70,$0.76 / 100SS
Kleenex Everyday 2 Ply Facial Tissues 200 Pack,$3.00,$1.50 / 100SS
Quilton Facial Tissues Soft White 95 Pack,$1.40,$1.47 / 100SS
Kleenex Aloe Vera & Vitamin E 3 Ply Facial Tissues 95 Pack,$2.60,$2.74 / 100SS
Kleenex Aloe Vera & Vitamin E 3 Ply Facial Tissues 140 Pack,$3.60,$2.57 / 100SS
Symphony Facial Tissues White 228ss 3 Pack,$5.00,$0.73 / 100SS
Kleenex Large & Thick 3 Ply Facial Tissues 95 Pack,$2.80,$2.95 / 100SS
Swisspers Cotton Tips 240 Pack,$4.80,$2.00 / 100EA
Vicks Insight Thermometer Each,$26.50,$26.50 / 1EA
Garnier Fructis Nutri-repair 3 Shampoo 315ml,$5.60,$1.78 / 100ML
Herbal Essences Bio:renew Coconut Milk Hydrating Shampoo 400ml,$13.50,$3.38 / 100ML
Nivea Rich Lather Coconut & Jojoba Oil Body Wash & Shower Gel 1l,$11.90,$1.19 / 100ML
Colgate Optic White Pro Series Teeth Whitening Toothpaste 80g,$20.00,$25.00 / 100G
Tena Discreet Underwear Black Pants Medium 10 Pack,$17.60,$17.60 / 1EA
Pantene Pro-v Colour Protection Shampoo For Coloured Hair 375ml,$5.00,$1.33 / 100ML
Glow Lab Hydrating Shampoo 600ml,$16.50,$2.75 / 100ML
Sukin Natural Balance Scalp Scrub 200ml,$10.00,$5.00 / 100ML
Head & Shoulders Clean & Balanced Anti Dandruff Shampoo  For Clean Scalp 200ml,$8.00,$4.00 / 100ML
Vo5 Frizz Free Smoothing Cream 125ml,$6.00,$4.80 / 100ML
Dettol Instant Hand Sanitiser Refresh With Aloe Vera Clip On 50ml,$4.00,$8.00 / 100ML
Palmolive Naturals Body Wash Mild & Sensitive Shower Gel 1l,$10.00,$1.00 / 100ML
Vo5 Styling Gel Tub Mega Hold 250g,$4.50,$1.80 / 100G
Neutrogena Night Calming Makeup Remover Cleansing Wipes 25 Pack,$8.50,$0.34 / 1EA
Quick-eze Antacids Peppermint Chewy 8 Pack,$3.00,$0.38 / 1EA
Tresemme Hair Spray Extra Hold Salon Finish 75g,$4.50,$6.00 / 100G
Colgate Plax Antibacterial Mouthwash Freshmint Alcohol Free 500ml,$3.50,$0.70 / 100ML
Rexona For Men Clinical Protection Antiperspirant Deodorant Sport 45ml,$14.00,$31.11 / 100ML
Hawaiian Tropic Island Sport Sunscreen Lotion Spf 50+ Sweat Resistant 180ml,$19.00,$10.56 / 100ML
Palmolive Instant Antibacterial Hand Sanitiser Mint & Eucalyptus 950ml,$18.00,$1.89 / 100ML
Palmolive Men Body Wash Active Shower Gel 1l,$10.00,$1.00 / 100ML
Gillette Venus Deluxe Smooth Sensitive Razor With 2 Razor Blades Each,$20.00,
Gillette Fusion 5 Manual Mens Shaving Razor Each,$20.00,$20.00 / 1EA
Essentials Facial Tissues 224 Pack,$1.70,$0.76 / 100SS
Kleenex Everyday 2 Ply Facial Tissues 200 Pack,$3.00,$1.50 / 100SS
Quilton Facial Tissues Soft White 95 Pack,$1.40,$1.47 / 100SS
Kleenex Aloe Vera & Vitamin E 3 Ply Facial Tissues 95 Pack,$2.60,$2.74 / 100SS
Kleenex Aloe Vera & Vitamin E 3 Ply Facial Tissues 140 Pack,$3.60,$2.57 / 100SS
Symphony Facial Tissues White 228ss 3 Pack,$5.00,$0.73 / 100SS
Kleenex Large & Thick 3 Ply Facial Tissues 95 Pack,$2.80,$2.95 / 100SS
Swisspers Cotton Tips 240 Pack,$4.80,$2.00 / 100EA
Piksters Eco Plastic Free Comfort Grip Soft Toothbrush 2 Pack,$6.30,$3.15 / 1EA
Dove Intensive Repair Shampoo With Smart Target Technology 820ml,$17.00,$2.07 / 100ML
Rexona Woman Antiperspirant Aerosol Deodorant Apple Splash Scent 220ml,$9.50,$4.32 / 100ML
U By Kotex Sport Ultrathin Pads Regular With Wings 12 Pack,$3.92,$0.33 / 1EA
Sukin Botanical Body Wash Reef Aid Sea Breeze 500ml,$5.50,$1.10 / 100ML
Nivea Soft Moisturiser For Face And Body Mini Tub 50ml,$4.00,$8.00 / 100ML
Colgate 360 Advanced Toothbrush Medium 4 Pack,$9.00,$2.25 / 1EA
Ogx Argan Oil Shampoo For Dry & Damaged Hair 385ml,$11.50,$2.99 / 100ML
Schick Hydro 5 Blades With Gel 8 Pack,$42.00,$5.25 / 1EA
Sukin Volumising Conditioner 1l,$23.00,$2.30 / 100ML
Rexona Women Deodorant Antiperspirant Stick Invisible Dry 42g,$4.85,$11.55 / 100G
Schmidt's Certified Natural Deodorant Bergamot & Lime Stick 75g,$14.00,$18.67 / 100G
Tresemme Hair Spray Extra Hold Salon Finish 360g,$9.00,$2.50 / 100G
Colgate Advanced Whitening Purple Toothpaste 120g,$5.00,$4.17 / 100G
Oral-b Pro 800 Electric Toothbrush Each,$100.00,$100.00 / 1EA
Dove Men+care Clean Comfort Anti Perspirant Aerosol Deodorant 254ml,$8.50,$3.35 / 100ML
Toni & Guy Purple Shampoo 250ml,$9.50,$3.80 / 100ML
Bosisto's Eucalyptus Spray 225g,$9.60,$4.27 / 100G
Colgate Total Plaque Release Toothpaste Fragrant Mint 95g,$5.00,$5.26 / 100G
Oral-b Electric Toothbrush Precision Replacement Electric Heads 5 Pack,$38.00,$7.60 / 1EA
Toni & Guy Strength Plex Bond Repair Shampoo 600ml,$15.00,$2.50 / 100ML
Provoke Touch Of Silver Daily Maintenance Purple Shampoo 400ml,$10.00,$2.50 / 100ML
Oral-b 3d White Toothbrush Soft 2 Pack,$9.00,$4.50 / 1EA
Essentials Facial Tissues 224 Pack,$1.70,$0.76 / 100SS
Kleenex Everyday 2 Ply Facial Tissues 200 Pack,$3.00,$1.50 / 100SS
Quilton Facial Tissues Soft White 95 Pack,$1.40,$1.47 / 100SS
Kleenex Aloe Vera & Vitamin E 3 Ply Facial Tissues 95 Pack,$2.60,$2.74 / 100SS
Kleenex Aloe Vera & Vitamin E 3 Ply Facial Tissues 140 Pack,$3.60,$2.57 / 100SS
Symphony Facial Tissues White 228ss 3 Pack,$5.00,$0.73 / 100SS
Kleenex Large & Thick 3 Ply Facial Tissues 95 Pack,$2.80,$2.95 / 100SS
Swisspers Cotton Tips 240 Pack,$4.80,$2.00 / 100EA
Pantene Pro-v Classic Clean Conditioner 375ml,$5.00,$1.33 / 100ML
Oscar Orsen Hair Scissors Each,$10.00,$10.00 / 1EA
Rexona Men Advanced Protection Anti Perspirant Aerosol Coconut 220ml,$9.50,$4.32 / 100ML
Oral-b Vitality Kids  Power 5+ Years Electric Toothbrush Each,$50.00,$50.00 / 1EA
Nivea Men Sensitive Shave Foam With 5 In 1 Protection 200ml,$7.00,$3.50 / 100ML
Oral-b Fresh Clean Toothbrush Soft 7 Pack,$10.00,$1.43 / 1EA
Thanks To Nature Hydrate & Nourish Shampoo With Abyssinian Oil 500ml,$9.00,$1.80 / 100ML
Palmolive Luminous Oils Moroccan Argan Oil & Camellia Shampoo 700ml,$10.00,$1.43 / 100ML
Schwarzkopf Extra Care Supreme Length Fortifying Conditioner 400ml,$9.00,$2.25 / 100ML
Funtime Kids Bubble Bath Space Bubbles 1l,$2.50,$0.25 / 100ML
Sukin Hydrating Body Lotion Coconut & Pineapple 500ml,$8.00,$1.60 / 100ML
Dove Intensive Repair Conditioner With Smart Target Technology 320ml,$7.70,$2.41 / 100ML
U By Kotex Ultrathin Overnight Pads With Wings 10 Pack,$3.50,$0.35 / 1EA
Rexona Womens Antiperspirant Aerosol Clinical Protection Deodorant 180ml,$12.00,$6.67 / 100ML
U By Kotex Extra Overnight Pads Long With Wings 8 Pack,$3.50,$0.44 / 1EA
Clairol Nice N Easy Root Touch-up 5 Medium Brown Each,$10.00,$10.00 / 1EA
Dove Deodorant Roll On Cucumber & Green Tea Zero Aluminum 50ml,$4.50,$9.00 / 100ML
Garnier Fructis Normal Strength & Shine Conditioner 850ml,$11.90,$1.40 / 100ML
Palmolive Foaming Liquid Hand Wash Soap Pump Raspberry 250ml,$2.00,$0.80 / 100ML
Balnea Lime Antibacterial Hand Wash 250ml,$2.40,$0.96 / 100ML
"Pantene Pro-v Long & Strong Shampoo For Dry, Damaged Hair 375ml",$5.00,$1.33 / 100ML
Vitaustralia Emu Oil Cream 250g,$3.85,$1.54 / 100G
Oral B Kids Frozen Toothpaste 92g,$3.50,$3.80 / 100G
Pantene Pro-v  Sheer Volume Conditioner For Fine Hair 375ml,$5.00,$1.33 / 100ML
Essentials Facial Tissues 224 Pack,$1.70,$0.76 / 100SS
Kleenex Everyday 2 Ply Facial Tissues 200 Pack,$3.00,$1.50 / 100SS
Quilton Facial Tissues Soft White 95 Pack,$1.40,$1.47 / 100SS
Kleenex Aloe Vera & Vitamin E 3 Ply Facial Tissues 95 Pack,$2.60,$2.74 / 100SS
Kleenex Aloe Vera & Vitamin E 3 Ply Facial Tissues 140 Pack,$3.60,$2.57 / 100SS
Symphony Facial Tissues White 228ss 3 Pack,$5.00,$0.73 / 100SS
Kleenex Large & Thick 3 Ply Facial Tissues 95 Pack,$2.80,$2.95 / 100SS
Swisspers Cotton Tips 240 Pack,$4.80,$2.00 / 100EA
Impulse Women Aerosol Body Spray Deodorant Romantic Spark 75ml,$4.20,$5.60 / 100ML
Colgate 360 Charcoal Spiral Toothbrush Soft 3 Pack,$6.00,$2.00 / 1EA
"Simple 10% Vitamins C, E & F Booster Serum 30ml",$14.00,$46.67 / 100ML
Vitaustralia Lanolin Oil Cream 250g,$3.85,$1.54 / 100G
Schwarzkopf Extra Care Aqua Revive Moisturising Shampoo 400ml,$9.00,$2.25 / 100ML
Balnea Original Antibacterial Hand Wash Refill 1l,$3.50,$0.35 / 100ML
Gillette Sensor3 Comfort Shaving Razor 8 Pack,$13.50,$1.69 / 1EA
Tena Discreet Underwear Black Pants Large 9 Pack,$17.60,$17.60 / 1EA
Vaseline Lip Therapy Original 4.8g,$4.50,$93.75 / 100G
L'oreal Elvive Extraordinary Oil Coconut Conditioner 300ml,$8.50,$2.83 / 100ML
Sukin Volumising Conditioner 500ml,$9.50,$1.90 / 100ML
Trishave 3in1 Shave Creme For Women 100g,$7.25,$7.25 / 100G
Hello Kids Toothpaste Unicorn Sparkle Bubble Gum Ages 7-107 119g,$5.00,$4.20 / 100G
Difflam Plus Sore Throat Lozenges + Anaesthetic Berry 16 Pack,$8.00,$0.50 / 1EA
Toni & Guy Purple Shampoo 600ml,$15.00,$2.50 / 100ML
Evamay Pads With Wings Regular 16 Pack,$2.20,$0.14 / 1EA
Dettol 2 In 1 Hands And Surfaces Antibacterial Wipes 60 Pack,$8.50,$0.14 / 1EA
Oral-b Pro 100 Floss Action Electric Toothbrush Each,$80.00,$80.00 / 1EA
Gillette Blue Ii Disposable Shaving Razor Plus 20 Pack,$20.00,$1.00 / 1EA
Rexona Men Clinical Roll On Sport 50ml,$8.00,$16.00 / 100ML
Bondi Sands Spf50+ Face Lotion 75ml,$10.50,$14.00 / 100ML
Palmolive Body Wash Coconut Scrub Exfoliating Shower Gel 400ml,$4.50,$1.13 / 100ML
Rexona Men Advanced Protection Lemon Crush Antiperspirant 220ml,$9.50,$4.32 / 100ML
Dettol Profresh Shower Gel Body Wash Lemon And Lime 950ml,$10.50,$1.11 / 100ML
Essentials Facial Tissues 224 Pack,$1.70,$0.76 / 100SS
Kleenex Everyday 2 Ply Facial Tissues 200 Pack,$3.00,$1.50 / 100SS
Quilton Facial Tissues Soft White 95 Pack,$1.40,$1.47 / 100SS
Kleenex Aloe Vera & Vitamin E 3 Ply Facial Tissues 95 Pack,$2.60,$2.74 / 100SS
Kleenex Aloe Vera & Vitamin E 3 Ply Facial Tissues 140 Pack,$3.60,$2.57 / 100SS
Symphony Facial Tissues White 228ss 3 Pack,$5.00,$0.73 / 100SS
Kleenex Large & Thick 3 Ply Facial Tissues 95 Pack,$2.80,$2.95 / 100SS
Swisspers Cotton Tips 240 Pack,$4.80,$2.00 / 100EA
Palmolive Naturals Intensive Moisture Conditioner Coconut Cream 350ml,$6.00,$1.71 / 100ML
Provoke Touch Of Silver Brightening Purple Shampoo 200ml,$13.00,$6.50 / 100ML
Dove Nourishing Secrets Destress Ritual Shampoo 320ml,$7.70,$2.41 / 100ML
L'oreal Elvive Total Repair 5 Repairing Conditioner 300ml,$8.50,$2.83 / 100ML
Libra Maternity Pads Aloe Vera With Wings 10 Pack,$3.50,$0.35 / 1EA
Skyn Condoms Skyn Large 10 Pack,$9.50,$0.95 / 1EA
Palmolive Naturals Body Wash Milk & Honey Shower Gel 500ml,$6.50,$1.30 / 100ML
Sensodyne Complete Care Cool Mint 100g,$12.30,$12.30 / 100G
Oral-b Essential Waxed Dental Floss Mint 50m,$3.20,$0.06 / 1M
Palmolive Naturals Body Wash Orchid Shower Gel 1l,$10.00,$1.00 / 100ML
Reef Tanning Spf 15+ Coconut Sun Tan Oil Sunscreen 125ml,$14.00,$11.20 / 100ML
Clairol Nice N Easy Root Touch-up 4 Dark Brown Each,$10.00,$10.00 / 1EA
Robitussin Cough Syrups Cold & Chesty Cough 200ml,$12.00,$6.00 / 100ML
Veet Sugar Warm Wax Kit Argan Oil 360g,$12.00,$3.33 / 100G
Schwarzkopf Taft Hair Gel Maximum Hold 250g,$6.00,$2.40 / 100G
Skyn Maxium Performance Lubricant 80ml,$11.00,$13.75 / 100ML
Dove Nourishing Moisture Shampoo With Pro Moisture Complex 820ml,$17.00,$2.07 / 100ML
Gillette Venus With Olay Comfortglide Sugarberry Razor Blades 5 Pack,$29.50,$7.38 / 1EA
Garnier Fructis Coconut Water Shampoo Shampoo 850ml,$11.90,$1.40 / 100ML
Oh So Comfy Mini Scrunchies 4 Pack,$6.00,
Bic Soleil Sensitive Advanced Disposable Razors 2 Pack,$7.70,$3.85 / 1EA
Colgate Plax Antibacterial Mouthwash Freshmint Alcohol Free 250ml,$4.50,$1.80 / 100ML
Simple 10% Vitamin B3 Niacinamide Booster Serum 30ml,$14.00,$46.67 / 100ML
Essentials Facial Tissues 224 Pack,$1.70,$0.76 / 100SS
Kleenex Everyday 2 Ply Facial Tissues 200 Pack,$3.00,$1.50 / 100SS
Quilton Facial Tissues Soft White 95 Pack,$1.40,$1.47 / 100SS
Kleenex Aloe Vera & Vitamin E 3 Ply Facial Tissues 95 Pack,$2.60,$2.74 / 100SS
Kleenex Aloe Vera & Vitamin E 3 Ply Facial Tissues 140 Pack,$3.60,$2.57 / 100SS
Symphony Facial Tissues White 228ss 3 Pack,$5.00,$0.73 / 100SS
Kleenex Large & Thick 3 Ply Facial Tissues 95 Pack,$2.80,$2.95 / 100SS
Swisspers Cotton Tips 240 Pack,$4.80,$2.00 / 100EA
Schick Hydro Shave Gel Sensitive 198g,$7.00,$3.54 / 100G
Garnier Fructis Nutri-repair 3 Shampoo 850ml,$11.90,$1.40 / 100ML
Freshwater Farm Australia Tea Tree + Eucalyptus Oil Hand Sanitiser Gel 500ml,$7.50,$1.50 / 100ML
Gillette Venus For Pubic Hair & Skin Razor Blades 3 Pack,$23.00,$23.00 / 1EA
Evamay Pads With Wings Night 12 Pack,$2.20,$0.18 / 1EA
Poise Pads For Bladder Leaks Extra Plus 20 Pack,$11.80,$0.59 / 1EA
Dove Restoring Ritual Conditioner With Coconut Oil 320ml,$7.70,$2.41 / 100ML
Mcobeauty Slant Tip Precision Tweezers Each,$10.00,
Oral-b Fresh Clean Toothbrush Medium 7 Pack,$10.00,$1.43 / 1EA
Oral-b Kids Vitality Power Electric Toothbrush Heads 2 Pack,$16.00,$8.00 / 1EA
U By Kotex Sport Liners Sport Liners 30 Pack,$2.94,$0.10 / 1EA
Invisible Zinc Sheer Defence Spf 50 Tinted Moisturiser Sunscreen Light 50g,$27.20,$54.40 / 100G
All Smiles Total Care Mint Mouthwash 500ml,$2.00,$0.40 / 100ML
Schwarzkopf Extra Care Colour Perfector Protecting Shampoo 950ml,$19.00,$2.00 / 100ML
Herbal Essences Conditioner Colour Me Happy 300ml,$7.00,$2.33 / 100ML
Thanks To Nature Volume Boost Shampoo With Biotin 500ml,$9.00,$1.80 / 100ML
Dove Advanced Care Original Antiperspirant Aerosol 220ml,$8.50,$3.86 / 100ML
Libra Girl Ultra Thins Pads Wings Regular 12 Pack,$3.50,$0.29 / 1EA
Libra Invisible Super Pads With Wings 12 Pack,$4.45,$0.37 / 1EA
Radox Feel Heavenly Coconut Body Wash & Shower Gel 1l,$9.50,$0.95 / 100ML
Palmolive Naturals Active Nourishment Conditioner Aloe Vera 350ml,$6.00,$1.71 / 100ML
Reef Tanning Oil Coconut Sunscreen Spf 30+ 125ml,$14.00,$11.20 / 100ML
Robitussin Cough Syrups Chesty Cough 200ml,$12.00,$6.00 / 100ML
Essentials Facial Tissues 224 Pack,$1.70,$0.76 / 100SS
Kleenex Everyday 2 Ply Facial Tissues 200 Pack,$3.00,$1.50 / 100SS
Quilton Facial Tissues Soft White 95 Pack,$1.40,$1.47 / 100SS
Kleenex Aloe Vera & Vitamin E 3 Ply Facial Tissues 95 Pack,$2.60,$2.74 / 100SS
Kleenex Aloe Vera & Vitamin E 3 Ply Facial Tissues 140 Pack,$3.60,$2.57 / 100SS
Symphony Facial Tissues White 228ss 3 Pack,$5.00,$0.73 / 100SS
Kleenex Large & Thick 3 Ply Facial Tissues 95 Pack,$2.80,$2.95 / 100SS
Swisspers Cotton Tips 240 Pack,$4.80,$2.00 / 100EA
Gillette Sensitive Skin Soothing Shave Gel Aloe Vera 195g,$7.00,$3.59 / 100G
Head & Shoulders Apple Fresh Anti Dandruff Shampoo 660ml,$21.00,$3.18 / 100ML
Nivea Rich Lather Natural Aloe Vera Moisturising Body Wash 1l,$11.90,$1.19 / 100ML
Colgate Plax Antibacterial Mouthwash Freshmint Alcohol Free 1l,$12.00,$1.20 / 100ML
Ogx Argan Oil Shampoo For Dry & Damaged Hair 88.7ml,$7.00,$7.89 / 100ML
Systane Complete Lubricant Eye Drop 10ml,$18.80,$188.00 / 100ML
Glow Lab Coconut & Spiced Fig Hand Wash 300ml,$4.00,$1.33 / 100ML
Colgate Plax Antibacterial Mouthwash Peppermint Alcohol Free 500ml,$3.50,$0.70 / 100ML
Glow Lab Amber & Sage Hand Wash 300ml,$4.00,$1.33 / 100ML
Invisible Zinc Sheer Defence Spf 50 Tinted Moisturiser Sunscreen Medium 50g,$27.20,$54.40 / 100G
Gillette Blue 3 Disposable Shaving Razor 8 Pack,$13.00,$1.63 / 1EA
U By Kotex Ultrathin Overnight Pads Long With Wings 8 Pack,$3.50,$0.44 / 1EA
Vo5 Wet Look Styling Gel 175ml,$5.00,$2.86 / 100ML
Hot Hands Hand Warmers 1 Pair,$2.20,$2.20 / 1EA
Gillette Venus Comfortglide White Tea Razor Blades 8 Pack,$40.00,$40.00 / 1EA
Strepfen Intensive Throat Lozenges Honey & Lemon 16 Pack,$7.50,$0.47 / 1EA
Schwarzkopf Nordic Blonde Toner Anti-yellow 200ml,$15.00,$15.00 / 1EA
Panadol Rapid Soluble Tablets For Pain Relief Paracetamol 500mg 20 Pack,$6.25,$0.31 / 1EA
Tresemme Purple Toning Shampoo 500ml,$17.00,$3.40 / 100ML
Colgate Barbie Or Batman Toothbrush Barbie Or Batman Toothbrush Each,$12.00,$12.00 / 1EA
L'oreal Paris Elvive Hyaluron Plump Moisture Filling Shampoo 300ml,$8.50,$2.83 / 100ML
Rexona Clinical Protection Men Anti Perspirant Stick Deodorant 45ml,$14.00,$31.11 / 100ML
Sensodyne Pronamel Gentle Whitening Toothpaste 110g,$9.70,$8.82 / 100G
Essentials Facial Tissues 224 Pack,$1.70,$0.76 / 100SS
Kleenex Everyday 2 Ply Facial Tissues 200 Pack,$3.00,$1.50 / 100SS
Quilton Facial Tissues Soft White 95 Pack,$1.40,$1.47 / 100SS
Kleenex Aloe Vera & Vitamin E 3 Ply Facial Tissues 95 Pack,$2.60,$2.74 / 100SS
Kleenex Aloe Vera & Vitamin E 3 Ply Facial Tissues 140 Pack,$3.60,$2.57 / 100SS
Symphony Facial Tissues White 228ss 3 Pack,$5.00,$0.73 / 100SS
Kleenex Large & Thick 3 Ply Facial Tissues 95 Pack,$2.80,$2.95 / 100SS
Swisspers Cotton Tips 240 Pack,$4.80,$2.00 / 100EA
Balnea Mango & Peach Body Wash 500ml,$2.40,$0.48 / 100ML
Help@hand Ibuprofen Mini Caps 24 Pack,$2.40,$0.10 / 1EA
Lynx Voodoo Deodorant Aerosol Bodyspray 165ml,$8.00,$4.85 / 100ML
Schwarzkopf Extra Care Aqua Revive Moisturising Conditioner 400ml,$9.00,$2.25 / 100ML
Gillette Shaving Foam Lemon Lime 333g,$5.50,$1.65 / 100G
Voeu Micellar Water 200ml,$4.00,$2.00 / 100ML
Canesten Tinaderm Antifungal Powder Spray 100g,$12.00,$12.00 / 100G
Redwin Vitamin E Cream With Evening Primrose Oil 330g,$4.20,$1.27 / 100G
Schick Hydro Silk Touch Up Disposable Razors 3 Pack,$10.00,
Thanks To Nature Repair And Protect Shampoo With Hemp Seed Oil 500ml,$9.00,$1.80 / 100ML
Dove Womens Roll On Deodorant Invisible Dry 50ml,$5.00,$10.00 / 100ML
Gillette Blue2 Pivot Plus Shaving Razor Each,$12.00,$1.09 / 1EA
Neutrogena Makeup Remover Cleansing Wipes 25 Pack,$8.50,$0.34 / 1EA
Simple Biodegradable Facial Wipes 50 Pack,$14.00,$0.28 / 1EA
Pantene Pro-v Smooth & Sleek Conditioner For Frizzy Hair 375ml,$5.00,$1.33 / 100ML
Bosisto's Aroma Sleep Mist 125ml,$10.00,$8.00 / 100ML
Voeu Brightening Face Mask Each,$2.40,$2.40 / 1EA
Rexona Men's Antiperspirant Pump Deodorant Sport 150ml,$7.80,$5.20 / 100ML
Pantene Pro-v Smooth & Sleek Conditioner For Frizzy Hair 900ml,$10.00,$1.11 / 100ML
Chapstick Lip Care Strawberry Lip Balm Sunscreen Spf 15 4.2g,$2.70,$64.29 / 100G
Listerine Teeth Defence Antibacterial Mouthwash 500ml,$10.00,$2.00 / 100ML
Skyn Condoms Skyn 20 Pack,$18.00,$0.90 / 1EA
Vicks Vapodrops Xtra Strong Menthol Blast 16 Pack,$6.40,$0.40 / 1EA
Essentials Facial Tissues 224 Pack,$1.70,$0.76 / 100SS
Kleenex Everyday 2 Ply Facial Tissues 200 Pack,$3.00,$1.50 / 100SS
Quilton Facial Tissues Soft White 95 Pack,$1.40,$1.47 / 100SS
Kleenex Aloe Vera & Vitamin E 3 Ply Facial Tissues 95 Pack,$2.60,$2.74 / 100SS
Kleenex Aloe Vera & Vitamin E 3 Ply Facial Tissues 140 Pack,$3.60,$2.57 / 100SS
Symphony Facial Tissues White 228ss 3 Pack,$5.00,$0.73 / 100SS
Kleenex Large & Thick 3 Ply Facial Tissues 95 Pack,$2.80,$2.95 / 100SS
Swisspers Cotton Tips 240 Pack,$4.80,$2.00 / 100EA
Garnier Fructis Coconut Water Conditioner 315ml,$5.60,$1.78 / 100ML
Poise Pads For Bladder Leaks Overnight 8 Pack,$6.95,$0.87 / 1EA
Thursday Plantation Tea Tree Face Wash For Acne 150ml,$7.80,$5.20 / 100ML
Head & Shoulders Smooth & Silky Anti-dandruff Conditioner 660ml,$21.00,$3.18 / 100ML
Johnson's Normal Wipes Cleansing Normal Skin 25 Pack,$4.30,$0.17 / 1EA
Manicare Flat Tweezer Gold Tipped Each,$11.60,$11.60 / 1EA
Voeu Moisturiser For Most Skin Types With Spf 15 150ml,$4.00,$2.67 / 100ML
Dove Body Wash Sensitive Skin Hypo-allergenic 1l,$17.00,$1.70 / 100ML
Evamay Pads With Wings Super 14 Pack,$2.20,$0.16 / 1EA
Listerine Freshburst Antibacterial Mouthwash 1l,$12.50,$1.25 / 100ML
Bondi Sands Self Tanning Foam Ultra Dark 200ml,$18.20,$9.10 / 100ML
Pantene Ultimate 10 Repair & Protect Conditioner For Damage 900ml,$10.00,$1.11 / 100ML
Rexona Women Clinical Roll On Shower Clean 50ml,$8.00,$16.00 / 100ML
Difflam Plus Anaesthetic Spray 30ml,$15.20,$50.67 / 100ML
Pokemon Miraculous Jurassic Battery Powered Brush Each,$12.00,$12.00 / 1EA
Disney Frozen 2 In 1 Shampoo & Conditioner 350ml,$6.00,$1.71 / 100ML
Betadine Sore Throat Gargle Concentrated 15ml,$13.80,$92.00 / 100ML
Palmolive Naturals Body Wash Sea Minerals Shower Gel 500ml,$6.50,$1.30 / 100ML
Garnier Fructis Hair Food Volumising Watermelon Conditioner 350ml,$13.00,$3.71 / 100ML
L'oreal Elvive Extraordinary Oil Nourishing Conditioner 300ml,$8.50,$2.83 / 100ML
Le Tan In Le Can Self Tan Deep Bronze 150g,$16.00,$10.67 / 100G
All Smiles Pro Battery Powered Toothbrush Each,$9.00,$9.00 / 1EA
Mitchum Women's Roll On Powder Fresh Antiperspirant & Deodorant 50ml,$3.50,$7.00 / 100ML
Difflam Sore Throat Lozenges Honey & Lemon 16 Pack,$6.50,$0.41 / 1EA
Essentials Facial Tissues 224 Pack,$1.70,$0.76 / 100SS
Kleenex Everyday 2 Ply Facial Tissues 200 Pack,$3.00,$1.50 / 100SS
Quilton Facial Tissues Soft White 95 Pack,$1.40,$1.47 / 100SS
Kleenex Aloe Vera & Vitamin E 3 Ply Facial Tissues 95 Pack,$2.60,$2.74 / 100SS
Kleenex Aloe Vera & Vitamin E 3 Ply Facial Tissues 140 Pack,$3.60,$2.57 / 100SS
Symphony Facial Tissues White 228ss 3 Pack,$5.00,$0.73 / 100SS
Kleenex Large & Thick 3 Ply Facial Tissues 95 Pack,$2.80,$2.95 / 100SS
Swisspers Cotton Tips 240 Pack,$4.80,$2.00 / 100EA
Bosisto's Nasal Spray Eucalyptus Saline 50ml,$8.00,$16.00 / 100ML
Dettol Antibacterial Foam Hand Wash Refill Rose And Cherry 900ml,$4.75,$0.53 / 100ML
Voost Hydrate Electrolyte Tablets 20 Pack,$9.60,$48.00 / 100EA
So? Unique Sweet Pea Body Spray 150ml,$9.95,$6.63 / 100ML
Clearwipe Lens Cleaner 20 Pack,$4.80,$0.24 / 1EA
Rimmel Lasting Finish Full Coverage Foundation 200 Soft Beige 30ml,$24.00,$8.00 / 10ML
Toni & Guy Strength Plex Bond Repair Shampoo 250ml,$9.50,$3.80 / 100ML
Sanofi Hydrogen Peroxide Powerful Bleach Liquid 200ml,$4.30,$2.15 / 100ML
Balnea Coconut Body Wash 1l,$4.50,$0.45 / 100ML
Veet For Men Hair Removal Cream Normal Skin 200ml,$11.50,$5.75 / 100ML
Bic Soleil Comfort Scented Razors Citrus 3 Pack,$5.60,$1.87 / 1EA
Libra Pads Wings Super 12 Pack,$3.50,$0.29 / 1EA
Simple Water Boost Facial Cleanser Micellar Water 400ml,$9.80,$2.45 / 100ML
My Soda Purple Toning Blonde Shampoo 350ml,$10.00,$2.86 / 100ML
Lynx Black Bodywash For Men Shower Gel 400ml,$6.50,$1.63 / 100ML
Zen Liniment Spray 100ml,$19.50,$19.50 / 100ML
Eureka Eucalyptus Solution 500ml,$14.00,$2.80 / 100ML
Gillette Sensitive Skin Soothing Shaving Foam Aloe Vera 245g,$6.50,$2.65 / 100G
Schwarzkopf Extra Care Daily Oil Elixir 100ml,$17.00,$17.00 / 100ML
Skin Republic Hyaluronic Acid & Collagen Face Mask Each,$4.80,$15.00 / 100G
Toni & Guy Shampoo For Fine Hair 250ml,$9.50,$3.80 / 100ML
Skyn Original Natural Feeling Non-latex Condoms 10 Pack,$9.50,$0.95 / 1EA
D3 K6.0 Kinesiology Tape Each,$10.00,$10.00 / 1EA
Libra Pads Extra Wings Regular 14 Pack,$3.50,$0.25 / 1EA
Essentials Facial Tissues 224 Pack,$1.70,$0.76 / 100SS
Kleenex Everyday 2 Ply Facial Tissues 200 Pack,$3.00,$1.50 / 100SS
Quilton Facial Tissues Soft White 95 Pack,$1.40,$1.47 / 100SS
Kleenex Aloe Vera & Vitamin E 3 Ply Facial Tissues 95 Pack,$2.60,$2.74 / 100SS
Kleenex Aloe Vera & Vitamin E 3 Ply Facial Tissues 140 Pack,$3.60,$2.57 / 100SS
Symphony Facial Tissues White 228ss 3 Pack,$5.00,$0.73 / 100SS
Kleenex Large & Thick 3 Ply Facial Tissues 95 Pack,$2.80,$2.95 / 100SS
Swisspers Cotton Tips 240 Pack,$4.80,$2.00 / 100EA
Thanks To Nature Smooth & Control Conditioner With Keratin 500ml,$9.00,$1.80 / 100ML
Palmolive Men Rapid Shave Sensitive Foam With Aloe Vera 250g,$4.50,$1.80 / 100G
Wart Off Stick Remover 5g,$14.00,$280.00 / 100G
Carefree Barely There Unscented Panty Liners 42 Pack,$3.50,$0.08 / 1EA
"Clearblue Pregnancy Test, Ultra Early 3 Pack",$19.00,$6.33 / 1EA
Dove Nourishing Moisture Conditioner For Dry Hair 320ml,$7.70,$2.41 / 100ML
Vaseline Total Moisture Lotion 1.5L - Dry Skin,$18.00,$1.20 / 100ML
Pantene Micellar Rosewater Moisturising Conditioner 530ml,$9.00,$1.70 / 100ML
Help@hand Ibuprofen Soft Gel Capsules 200mg 20 Pack,$2.60,$0.13 / 1EA
Musashi Alpha 750 Ml Size Shaker Clear Red Each,$14.99,$2.00 / 100ML
Femfresh Sensitive Wash 250ml,$5.25,$2.10 / 100ML
Essano Rosehip Oil Certified Organic 20ml,$24.00,$120.00 / 100ML
Garnier Fructis Nutri-repair 3 Conditioner 315ml,$5.60,$1.78 / 100ML
Palmolive Luminous Oils Coconut Oil & Frangipani Conditioner 700ml,$10.00,$1.43 / 100ML
Depend Real Fit Incontinence Underwear Regular Women Medium 8 Pack,$14.40,$1.80 / 1EA
Dove Conditioner Nourishing Secrets Strengthening Ritual 320ml,$7.70,$2.41 / 100ML
Panadol Liquid Caps Paracetamol 20 Pack,$5.20,$0.26 / 1EA
Oral-b Essential Floss Dental Floss 50m 2 Pack,$7.00,$0.07 / 1M
Head & Shoulders Supreme Scalp Repair & Hair Strength Shampoo 550ml,$20.00,$3.64 / 100ML
White Glo Teeth Whitening Kit Plus Teeth Whitening Kit Each,$20.00,$20.00 / 1EA
Herbal Essences Bio:renew Argan Oil Of Morocco Repairing Conditioner 400ml,$13.50,$3.38 / 100ML
Palmolive Luminous Oils Body Wash Macadamia Oil Shower Gel 400ml,$3.00,$0.75 / 100ML
Surf Life Saving 50+ Sun Screen Spray Despicable Me 250ml,$22.00,$8.80 / 100ML
Listerine Total Care Antibacterial Mouthwash 500ml,$10.00,$2.00 / 100ML
Essentials Facial Tissues 224 Pack,$1.70,$0.76 / 100SS
Kleenex Everyday 2 Ply Facial Tissues 200 Pack,$3.00,$1.50 / 100SS
Quilton Facial Tissues Soft White 95 Pack,$1.40,$1.47 / 100SS
Kleenex Aloe Vera & Vitamin E 3 Ply Facial Tissues 95 Pack,$2.60,$2.74 / 100SS
Kleenex Aloe Vera & Vitamin E 3 Ply Facial Tissues 140 Pack,$3.60,$2.57 / 100SS
Symphony Facial Tissues White 228ss 3 Pack,$5.00,$0.73 / 100SS
Kleenex Large & Thick 3 Ply Facial Tissues 95 Pack,$2.80,$2.95 / 100SS
Swisspers Cotton Tips 240 Pack,$4.80,$2.00 / 100EA
Sukin Natural Balance Leave-in Conditioner 250ml,$8.00,$3.20 / 100ML
Dettol Antibacterial Foam Hand Wash Pump Lime And Orange Blossom 250ml,$3.50,$1.40 / 100ML
Dove Advanced Care Antiperspirant Aerosol Go Fresh Pomegranate 150ml,$6.00,$4.00 / 100ML
Voeu Age Rejuvenating Eye Cream 15ml,$7.00,$46.67 / 100ML
Cancer Council Sport Sunscreen Spf50+ Dry Touch & Sweat Resistant 500ml,$29.00,$5.80 / 100ML
Dove Men+care Antiperspirant Aerosol Invisible Dry 254ml,$8.50,$3.35 / 100ML
Systane Ultra Ud Lubricant Eye Drops 25 X0.5ml,$18.25,$146.00 / 100ML
Tradie Solo Sweat Crusher Deodorant Body Spray 160ml,$6.00,$3.75 / 100ML
Cancer Council Sport Sunscreen Spf50+ Dry Touch & Sweat Resistant 110ml,$14.00,$12.73 / 100ML
Lynx Black Antiperspirant Aerosol Deodorant 165ml,$8.00,$4.85 / 100ML
Palmolive Antibacterial Foaming Liquid Hand Wash Soap Refill Lime 1l,$4.25,$0.43 / 100ML
All Smiles Total Care Dental Floss 50m,$3.00,$0.06 / 1M
Maui Moisture Heal & Hydrate Shea Butter Shampoo For Damaged Hair 385ml,$26.00,$6.75 / 100ML
Balnea Original Antibacterial Hand Wash 250ml,$2.40,$0.96 / 100ML
Essentials Pads Super 18 Pack,$1.50,$0.08 / 1EA
Herbal Essences Bio:renew Coconut Milk Hydrating Conditioner 400ml,$13.50,$3.38 / 100ML
Redwin Handwash Refill 750ml,$6.00,$0.80 / 100ML
Palmolive Naturals Body Wash Shea Butter Shower Gel 500ml,$6.50,$1.30 / 100ML
Nivea Rich Lather Soft & Almond Oil Body Wash & Shower Gel 1l,$11.90,$1.19 / 100ML
Schick Razor Intuition Pure Nourish Kit Each,$10.50,$10.50 / 1EA
Strepsils Plus Blocked Nose Sore Throat Lozenges Menthol 36 Pack,$17.00,$0.47 / 1EA
First Response Pregnancy Test Instream Test 3 Pack,$20.00,$6.67 / 1EA
Schwarzkopf Extra Care Push Up Volume Styling Powder 10g,$11.00,$110.00 / 100G
Essentials Facial Tissues 224 Pack,$1.70,$0.76 / 100SS
Kleenex Everyday 2 Ply Facial Tissues 200 Pack,$3.00,$1.50 / 100SS
Quilton Facial Tissues Soft White 95 Pack,$1.40,$1.47 / 100SS
Kleenex Aloe Vera & Vitamin E 3 Ply Facial Tissues 95 Pack,$2.60,$2.74 / 100SS
Kleenex Aloe Vera & Vitamin E 3 Ply Facial Tissues 140 Pack,$3.60,$2.57 / 100SS
Symphony Facial Tissues White 228ss 3 Pack,$5.00,$0.73 / 100SS
Kleenex Large & Thick 3 Ply Facial Tissues 95 Pack,$2.80,$2.95 / 100SS
Swisspers Cotton Tips 240 Pack,$4.80,$2.00 / 100EA
Fudge Urban Matte Wax With No Shine & Firm Hold 70ml,$9.60,$13.71 / 100ML
Aveeno Fresh Greens Blend Shampoo For Gentle Cleanse 354ml,$19.50,$5.51 / 100ML
Cancer Council Spf 50+ Moisturising Sunscreen Pump 500ml,$29.00,$5.80 / 100ML
Depend Real Fit Incontinence Underwear Regular Women Large 8 Pack,$14.40,$1.80 / 1EA
Dove Advanced Care Pomegranate & Lemon Antiperspirant 220ml,$8.50,$3.86 / 100ML
White Glo Teeth Whitening Kit Advanced Teeth Whitening Kit Each,$30.00,$30.00 / 1EA
Herbal Essences Bio:renew Argan Oil Of Morocco Repairing Conditioner 600ml,$19.00,$3.17 / 100ML
L'oreal Elvive Hyaluron Plump Mositure Sealing Conditioner 300ml,$8.50,$2.83 / 100ML
Schwarzkopf Extra Care Strong Styling Mousse 150g,$9.00,$6.00 / 100G
Balnea Premium Shower Cap Each,$4.00,$4.00 / 1EA
Dove Men+care Invisible Dry Fresh Antiperspirant Aerosol 254ml,$8.50,$3.35 / 100ML
Palmolive Luminous Oils Moroccan Argan Oil & Camellia Conditioner 700ml,$10.00,$1.43 / 100ML
Schwarzkopf Extra Care Strong Styling Hairspray 250g,$9.00,$3.60 / 100G
Johnson's Face Care Daily Essentials Moisturising Dry Skin Wipes 25 Pack,$4.30,$0.17 / 1EA
Toni & Guy Purple Conditioner 250ml,$9.50,$3.80 / 100ML
Dove Go Fresh Body Wash With Cucumber And Green Tea Scent 1l,$17.00,$1.70 / 100ML
Balnea Bath Sponge Each,$3.00,$3.00 / 1EA
"Pantene Pro-v Long & Strong Conditioner Dry, Damaged Hair 375ml",$5.00,$1.33 / 100ML
Colgate Kids Battery Sonic Bluey Each,$12.00,$12.00 / 1EA
Lynx Antiperspirant Aerosol Deodorant Africa 165ml,$8.00,$4.85 / 100ML
Aveeno Daily Moisture Oat Milk Blend Conditioner For Gentle Cleanse 354ml,$19.50,$5.51 / 100ML
Oc Naturals Kids Detangling Spray 250ml,$3.90,$1.56 / 100ML
Sukin Hand Cream 500ml,$8.00,$1.60 / 100ML
Herbal Essences Bio Renew White Strawberry & Mint Clean Shampoo 400ml,$13.50,$3.38 / 100ML
Essentials Facial Tissues 224 Pack,$1.70,$0.76 / 100SS
Kleenex Everyday 2 Ply Facial Tissues 200 Pack,$3.00,$1.50 / 100SS
Quilton Facial Tissues Soft White 95 Pack,$1.40,$1.47 / 100SS
Kleenex Aloe Vera & Vitamin E 3 Ply Facial Tissues 95 Pack,$2.60,$2.74 / 100SS
Kleenex Aloe Vera & Vitamin E 3 Ply Facial Tissues 140 Pack,$3.60,$2.57 / 100SS
Symphony Facial Tissues White 228ss 3 Pack,$5.00,$0.73 / 100SS
Kleenex Large & Thick 3 Ply Facial Tissues 95 Pack,$2.80,$2.95 / 100SS
Swisspers Cotton Tips 240 Pack,$4.80,$2.00 / 100EA
Ogx Biotin & Collagen Extra Strength Shampoo For Fine Hair 385ml,$12.50,$3.25 / 100ML
Lucamar Baa Ram Ewe Lanolin Skin Balm 50g and Watermelon Organic Lip Balm 10g Bundle,$35.45,
Nivea Black & White Clear Roll On Antiperspirant Deodorant 50ml,$4.50,$9.00 / 100ML
Difflam Plus Sore Throat Lozenges Honey Anaesthetic 16 Pack,$8.00,$0.50 / 1EA
Dove Conditioner Destress Ritual 320ml,$7.70,$2.41 / 100ML
Help@hand Paracetamol Tablets 20 Pack,$2.00,$2.00 / 1EA
Mcobeauty Lip Oil Hydrating Treatment Sheer Rose Each,$14.00,$15.56 / 10ML
Herbal Essences Bio:renew White Grapefruit & Mint Volume Conditioner 400ml,$13.50,$3.38 / 100ML
Skin Republic Collagen Hydro Under Eye Patch Each,$6.00,$6.00 / 1EA
Provoke Touch Of Silver Toning Treatment Purple Mask 200ml,$13.00,$6.50 / 100ML
Scholl Gel Finger & Toe Foot Care Protector Each,$14.00,$14.00 / 1EA
Nyal Paracetamol Capsules 20 Pack,$3.50,$0.18 / 1EA
Rimmel Powder Pressed Transparent 14g,$14.00,$10.00 / 10G
Strepfen Intensive Throat Lozenges Sugar Free Orange 16 Pack,$7.50,$0.47 / 1EA
Dove Men Roll On Deodorant Zero Aluminum Clean Comfort 50ml,$4.50,$9.00 / 100ML
Dr Tung'S Tongue Cleaner Stainless Steel 1 Pack,$10.00,$10.00 / 1EA
Bosisto's Eucalyptus Oil 50ml,$6.00,$12.00 / 100ML
Vaseline Total Moisture Lotion 1.5L - Aloe Fresh,$18.00,$1.20 / 100ML
Dove Intensive Repair Conditioner With Smart Target Technology 820ml,$17.00,$2.07 / 100ML
Dove Restoring Ritual Shampoo With Coconut Oil 820ml,$17.00,$2.07 / 100ML
Thankyou. Body Wash Botanical Geranium Rose & Wood Pump 1l,$17.95,$1.80 / 100ML
Ogx Argan Oil Extra Strength Conditioner For Damaged Hair 385ml,$12.50,$3.25 / 100ML
Oral B Cross Action Indicator Bristles Toothbrush Soft 2 Pack,$9.00,$4.50 / 1EA
Sukin Cleansing Hand Wash Lime & Coconut 1l,$13.00,$1.30 / 100ML
Essentials Facial Tissues 224 Pack,$1.70,$0.76 / 100SS
Kleenex Everyday 2 Ply Facial Tissues 200 Pack,$3.00,$1.50 / 100SS
Quilton Facial Tissues Soft White 95 Pack,$1.40,$1.47 / 100SS
Kleenex Aloe Vera & Vitamin E 3 Ply Facial Tissues 95 Pack,$2.60,$2.74 / 100SS
Kleenex Aloe Vera & Vitamin E 3 Ply Facial Tissues 140 Pack,$3.60,$2.57 / 100SS
Symphony Facial Tissues White 228ss 3 Pack,$5.00,$0.73 / 100SS
Kleenex Large & Thick 3 Ply Facial Tissues 95 Pack,$2.80,$2.95 / 100SS
Swisspers Cotton Tips 240 Pack,$4.80,$2.00 / 100EA
