Product Name,Price,Price per Unit
Berocca Vitamin B & C Orange Flavour Energy 45 Pack,$25.00,$55.56 / 100EA
Berocca Vitamin B & C Original Berry Flavour Energy 45 Pack,$25.00,$55.56 / 100EA
Berocca Vitamin B & C Mango & Orange Flavour Energy 45 Pack,$25.00,$55.56 / 100EA
Berocca Vitamin B & C Original Berry Flavour Energy 30 Pack,$14.00,$46.67 / 100EA
Woolworths Sesame Seeds 100g,$1.10,$11.00 / 1KG
Woolworths Walnuts Kernel 500g,$12.50,$25.00 / 1KG
Woolworths Sunflower Seeds 200g,$1.60,$8.00 / 1KG
Macro Organic Hulled Tahini Spread 375g,$5.00,$1.33 / 100G
Pureharvest Organic Tamari Gluten Free Soy Sauce 250ml,$4.30,$1.72 / 100ML
Ceres Organics Seaweed Nori Multipack 8x2g Each,$6.50,$40.63 / 100G
Berocca Vitamin B & C Orange Flavour Energy 30 Pack,$14.00,$46.67 / 100EA
Rennie Indigestion & Heartburn Relief Spearmint Chewable Tablets 48 Pack,$10.00,$0.21 / 1EA
Centrum Benefit Blend Immune Defence With Vitamin C & Zinc 50 Pack,$30.00,$60.00 / 100EA
Centrum Benefit Blend Mind & Memory With Ginkgo Ginseng & Brahmi 50 Pack,$30.00,$0.60 / 1EA
Macro Sunflower Kernels 500g,$3.50,$7.00 / 1KG
Swisspers Cotton Pads Make Up 80 Pack,$4.10,$5.13 / 100EA
Macro Organic Spaghetti Pasta 500g,$1.65,$0.33 / 100G
Golden Days Snacks Sesame Snaps 3x40g,$3.00,$2.50 / 100G
Mayver's Hulled Tahini Spread 385g,$6.50,$1.69 / 100G
Macro Organic Sultanas 500g,$5.40,$10.80 / 1KG
Ceres Organics Seaweed Nori 5g,$2.20,$44.00 / 100G
Macro Organic Quinoa Tri Colour 500g,$6.59,$1.32 / 100G
Sanitarium Weet-bix Gluten Free Breakfast Cereal 375g,$4.80,$1.28 / 100G
Healtheries Rice Wheels Cheese Multipack Gluten Free Lunchbox Snacks 21g X 6 Pack,$4.50,$3.57 / 100G
Golden Days Bars Sesame Snaps Dark Chocolate 120g,$2.80,$2.33 / 100G
Savlon Soothing & Healing Antiseptic Cream 75g,$8.00,$10.67 / 100G
Strepsils Sore Throat Antibacterial Lozenge Honey & Lemon 16 Pack,$6.00,$0.38 / 1EA
Ceres Organics Seaweed Teriyaki 5g,$2.20,$44.00 / 100G
Slendier Pasta Spaghetti Style 400g,$4.10,$1.03 / 100G
Vicks Vaporub Decongestant Rub 50g,$8.00,$16.00 / 100G
Healtheries Rice Wheels Chicken Multipack Gluten Free Lunchbox Snacks 21g X 6 Pack,$4.50,$3.57 / 100G
Vege Chips Multi 12 Pack 250g,$8.00,$3.20 / 100G
Berocca Vitamin B & C Orange Flavour Energy 45 Pack,$25.00,$55.56 / 100EA
Berocca Vitamin B & C Original Berry Flavour Energy 45 Pack,$25.00,$55.56 / 100EA
Berocca Vitamin B & C Mango & Orange Flavour Energy 45 Pack,$25.00,$55.56 / 100EA
Berocca Vitamin B & C Original Berry Flavour Energy 30 Pack,$14.00,$46.67 / 100EA
Woolworths Sesame Seeds 100g,$1.10,$11.00 / 1KG
Woolworths Walnuts Kernel 500g,$12.50,$25.00 / 1KG
Woolworths Sunflower Seeds 200g,$1.60,$8.00 / 1KG
Macro Organic Hulled Tahini Spread 375g,$5.00,$1.33 / 100G
Pureharvest Organic Tamari Gluten Free Soy Sauce 250ml,$4.30,$1.72 / 100ML
Ceres Organics Seaweed Nori Multipack 8x2g Each,$6.50,$40.63 / 100G
Berocca Vitamin B & C Orange Flavour Energy 30 Pack,$14.00,$46.67 / 100EA
Rennie Indigestion & Heartburn Relief Spearmint Chewable Tablets 48 Pack,$10.00,$0.21 / 1EA
Centrum Benefit Blend Immune Defence With Vitamin C & Zinc 50 Pack,$30.00,$60.00 / 100EA
Centrum Benefit Blend Mind & Memory With Ginkgo Ginseng & Brahmi 50 Pack,$30.00,$0.60 / 1EA
Macro Sunflower Kernels 500g,$3.50,$7.00 / 1KG
Swisspers Cotton Pads Make Up 80 Pack,$4.10,$5.13 / 100EA
Macro Organic Spaghetti Pasta 500g,$1.65,$0.33 / 100G
Golden Days Snacks Sesame Snaps 3x40g,$3.00,$2.50 / 100G
Mayver's Hulled Tahini Spread 385g,$6.50,$1.69 / 100G
Macro Organic Sultanas 500g,$5.40,$10.80 / 1KG
Ceres Organics Seaweed Nori 5g,$2.20,$44.00 / 100G
Macro Organic Quinoa Tri Colour 500g,$6.59,$1.32 / 100G
Sanitarium Weet-bix Gluten Free Breakfast Cereal 375g,$4.80,$1.28 / 100G
Healtheries Rice Wheels Cheese Multipack Gluten Free Lunchbox Snacks 21g X 6 Pack,$4.50,$3.57 / 100G
Golden Days Bars Sesame Snaps Dark Chocolate 120g,$2.80,$2.33 / 100G
Savlon Soothing & Healing Antiseptic Cream 75g,$8.00,$10.67 / 100G
Strepsils Sore Throat Antibacterial Lozenge Honey & Lemon 16 Pack,$6.00,$0.38 / 1EA
Ceres Organics Seaweed Teriyaki 5g,$2.20,$44.00 / 100G
Slendier Pasta Spaghetti Style 400g,$4.10,$1.03 / 100G
Vicks Vaporub Decongestant Rub 50g,$8.00,$16.00 / 100G
Healtheries Rice Wheels Chicken Multipack Gluten Free Lunchbox Snacks 21g X 6 Pack,$4.50,$3.57 / 100G
Vege Chips Multi 12 Pack 250g,$8.00,$3.20 / 100G
Swisspers Cotton Large Make Up Pads 50 Pack,$4.00,$0.08 / 1EA
Tasti Smooshed Wholefood Balls Berry Cashew & Cacao 207g,$6.75,$3.26 / 100G
Tasti Smooshed Wholefood Balls Peanut Butter & Caramel 69g,$2.80,$4.06 / 100G
Woolworths Soya Crisps Snacks 400g Pack,$6.30,$15.75 / 1KG
Woolworths Walnuts 150g 150g,$7.00,$46.67 / 1KG
Vicks Nasal Decongestant Inhaler 0.5ml,$8.00,$8.00 / 1EA
Sanitarium Weet-bix Gluten Free Coconut & Cinnamon Breakfast Cereal 400g,$5.30,$1.33 / 100G
Strepsils Double Antibacterial Soothing Sore Throat Lozenges Orange 16 Pack,$6.00,$0.38 / 1EA
Voltaren Muscle And Back Pain Relief Emulgel 100g,$18.00,$18.00 / 100G
Vege Chips Rice Crackers Cheese 75g,$4.50,$6.00 / 100G
Sweet William Rice Crackle Chocolate Koalas 12 Pack,$5.50,$3.06 / 100G
Vege Chips Rice Crackers Sour Cream & Chives 75g,$4.50,$6.00 / 100G
Vege Chips Natural 100g,$3.15,$3.15 / 100G
Sudocrem Tube 30g,$8.25,$27.50 / 100G
Healtheries Potato Stix Chicken Multipack Chips Kids Lunchbox Snacks 20g X 6 Pack,$4.50,$3.75 / 100G
Strepsils Plus Anaesthetic Sore Throat Numbing Pain Relief Lozenges 16 Pack,$8.00,$0.50 / 1EA
Vege Chips Mini Rice Crckers Multipack 12 Pack,$8.00,$3.20 / 100G
Swisspers Paper Cotton Stems 400 Pack,$6.80,$0.02 / 1EA
Edens Bars Sesame 45g,$0.90,$2.00 / 100G
Telfast Hayfever Allergy Relief 120mg Antihistamine Tablets 10 Pack,$12.60,$1.26 / 1EA
Vicks Vapodrops Throat Lozenges Butter Menthol 42 Pack,$7.65,$18.21 / 100EA
Tasti Smooshed Wholefood Balls Cacao Brownie 207g,$6.75,$3.26 / 100G
San Remo Spirals Spelt Pasta 250g,$4.50,$1.80 / 100G
Table Of Plenty Mini Rice Snacks Dark Chocolate Cakes 60g,$3.20,$5.33 / 100G
Swisspers Cotton Tips 240 Pack,$4.80,$2.00 / 100EA
Macro Organic Corn Chips Natural 200g,$3.30,$1.65 / 100G
Panadol Rapid For Pain Relief Paracetamol 500 Mg 20 Pack,$6.00,$0.30 / 1EA
Vege Chips Multi 12 Pack 250g,$8.00,$3.20 / 100G
Woolworths Sesame Seeds 100g,$1.10,$11.00 / 1KG
Macro Black Chia Seeds 350g,$6.40,$1.83 / 100G
Woolworths Cashews Roasted & Salted 750g Pack,$10.00,$13.33 / 1KG
Woolworths Almonds Kernels 750g Pack,$9.90,$13.20 / 1KG
Swisspers Cotton Large Make Up Pads 50 Pack,$4.00,$0.08 / 1EA
Tasti Smooshed Wholefood Balls Berry Cashew & Cacao 207g,$6.75,$3.26 / 100G
Tasti Smooshed Wholefood Balls Peanut Butter & Caramel 69g,$2.80,$4.06 / 100G
Woolworths Soya Crisps Snacks 400g Pack,$6.30,$15.75 / 1KG
Woolworths Walnuts 150g 150g,$7.00,$46.67 / 1KG
Vicks Nasal Decongestant Inhaler 0.5ml,$8.00,$8.00 / 1EA
Sanitarium Weet-bix Gluten Free Coconut & Cinnamon Breakfast Cereal 400g,$5.30,$1.33 / 100G
Strepsils Double Antibacterial Soothing Sore Throat Lozenges Orange 16 Pack,$6.00,$0.38 / 1EA
Voltaren Muscle And Back Pain Relief Emulgel 100g,$18.00,$18.00 / 100G
Vege Chips Rice Crackers Cheese 75g,$4.50,$6.00 / 100G
Sweet William Rice Crackle Chocolate Koalas 12 Pack,$5.50,$3.06 / 100G
Vege Chips Rice Crackers Sour Cream & Chives 75g,$4.50,$6.00 / 100G
Vege Chips Natural 100g,$3.15,$3.15 / 100G
Sudocrem Tube 30g,$8.25,$27.50 / 100G
Healtheries Potato Stix Chicken Multipack Chips Kids Lunchbox Snacks 20g X 6 Pack,$4.50,$3.75 / 100G
Strepsils Plus Anaesthetic Sore Throat Numbing Pain Relief Lozenges 16 Pack,$8.00,$0.50 / 1EA
Vege Chips Mini Rice Crckers Multipack 12 Pack,$8.00,$3.20 / 100G
Swisspers Paper Cotton Stems 400 Pack,$6.80,$0.02 / 1EA
Edens Bars Sesame 45g,$0.90,$2.00 / 100G
Telfast Hayfever Allergy Relief 120mg Antihistamine Tablets 10 Pack,$12.60,$1.26 / 1EA
Vicks Vapodrops Throat Lozenges Butter Menthol 42 Pack,$7.65,$18.21 / 100EA
Tasti Smooshed Wholefood Balls Cacao Brownie 207g,$6.75,$3.26 / 100G
San Remo Spirals Spelt Pasta 250g,$4.50,$1.80 / 100G
Table Of Plenty Mini Rice Snacks Dark Chocolate Cakes 60g,$3.20,$5.33 / 100G
Swisspers Cotton Tips 240 Pack,$4.80,$2.00 / 100EA
Macro Organic Corn Chips Natural 200g,$3.30,$1.65 / 100G
Panadol Rapid For Pain Relief Paracetamol 500 Mg 20 Pack,$6.00,$0.30 / 1EA
Vege Chips Multi 12 Pack 250g,$8.00,$3.20 / 100G
Woolworths Sesame Seeds 100g,$1.10,$11.00 / 1KG
Macro Black Chia Seeds 350g,$6.40,$1.83 / 100G
Woolworths Cashews Roasted & Salted 750g Pack,$10.00,$13.33 / 1KG
Woolworths Almonds Kernels 750g Pack,$9.90,$13.20 / 1KG
Macro Nutritional Yeast Flakes 200g,$8.00,$4.00 / 100G
Strepsils Soothing Sore Throat Lozenges Honey & Lemon 48 Pack,$13.50,$0.28 / 1EA
Cenovis Zinc Plus Tablets For General Wellbeing + Skin Health 150 Pack,$13.90,$9.27 / 100EA
Tasti Fruit & Vege Wholefood Balls Strawberry & Beetroot 60g,$2.80,$4.67 / 100G
Vege Chips Barbeque 100g,$3.15,$3.15 / 100G
Voost Effervescent Multivitamin Tablets 20 Pack,$11.00,$55.00 / 100EA
Telfast Hayfever Allergy Relief 180mg Antihistamine Tablets 5 Pack,$8.40,$1.68 / 1EA
Tasti Fruit & Vege Wholefood Balls Mango & Carrot 60g,$2.80,$4.67 / 100G
Salvital Salts Saline 375g,$7.20,$1.92 / 100G
Strepsils Sore Throat Sugar Free Strawberry Lozenges 36 Pack,$10.00,$0.28 / 1EA
Temole Cauliflower Puffs Sea Salt 56g,$3.00,$5.36 / 100G
Eatrite Rice Crackers Tamari Seaweed 100g,$4.00,$4.00 / 100G
Voost Effervescent Energy Tablets 20 Pack,$11.00,$55.00 / 100EA
Tasti Smooshed Wholefood Balls Peanut Butter & Caramel 207g,$6.75,$3.26 / 100G
Telfast Hayfever Allergy Relief 60mg Antihistamine Tablets 20 Pack,$12.60,$0.63 / 1EA
Vege Chips Salt & Vinegar 100g,$3.15,$3.15 / 100G
Macro Textured Vegetable Protein 200g,$3.00,$1.50 / 100G
Vicks Vapodrop Throat Lozenges Original 24 Pack,$5.90,$0.25 / 1EA
Shelby's Almonds With Dark Chocolate & Raspberry 40g,$3.00,$7.50 / 100G
Woolworths Free From Gluten Chocolate Scotch Finger 160g,$3.20,$2.00 / 100G
Strepsils Extra Blackcurrant Sore Throat Fast Numbing Throat Lozenges 16 Pack,$9.00,$0.56 / 1EA
Temole Broccoli Puffs Sweet Chilli 56g,$3.00,$5.36 / 100G
Vicks Vapodrop Throat Lozenges Butter Menthol 24 Pack,$5.90,$0.25 / 1EA
Table Of Plenty Mini Rice Cakes Dark Chocolate 6 Pack,$4.80,$5.71 / 100G
Swisspers Cotton Tips 240 Pack,$4.80,$2.00 / 100EA
Macro Organic Corn Chips Natural 200g,$3.30,$1.65 / 100G
Panadol Rapid For Pain Relief Paracetamol 500 Mg 20 Pack,$6.00,$0.30 / 1EA
Vege Chips Multi 12 Pack 250g,$8.00,$3.20 / 100G
Woolworths Sesame Seeds 100g,$1.10,$11.00 / 1KG
Macro Black Chia Seeds 350g,$6.40,$1.83 / 100G
Woolworths Cashews Roasted & Salted 750g Pack,$10.00,$13.33 / 1KG
Woolworths Almonds Kernels 750g Pack,$9.90,$13.20 / 1KG
Ural Effervescentpowder Sachets Cranberry 20 Pack,$10.50,$0.53 / 1EA
Strepsils Double Antibacterial Soothing Sore Throat Lozenges Orange 36 Pack,$12.00,$0.33 / 1EA
Vicks Vaporub Easy Applicator Decongestant Rub 35g,$11.45,$32.71 / 100G
Stingose Antiseptic Spray 25ml,$9.95,$39.80 / 100ML
Nature's Way Kids Smart Vita-gummies Multivitamin 120 Pack,$30.00,$25.00 / 100EA
Golden Days Fruit Snacks Bites Apricot 5x40g,$5.00,$2.50 / 100G
Woolworths Free From Gluten Chocolate Chip Biscuit 160g,$2.70,$1.69 / 100G
Senokot Laxatives Senna Tablets 100 Pack,$10.00,$0.10 / 1EA
Woolworths Cashews Roasted & Salted 750g Pack,$10.00,$13.33 / 1KG
Healtheries Potato Stix Fun Mix Multipack Chips Kids Lunchbox Snacks 20g X 12 Pack,$8.50,$3.54 / 100G
Macro Black Chia Seeds 350g,$6.40,$1.83 / 100G
Pink Himalayan Salt Seaweed Chips 30g,$3.50,$11.67 / 100G
Vege Chips Deli Crisps Purple Sweet Potato 100g,$6.50,$6.50 / 100G
Golden Days Fruit Apricot Coconut Slice 150g,$3.00,$2.00 / 100G
Vicks Nasal Decongestant Inhaler Twin Pack 2 X 0.5ml,$14.90,$7.45 / 1EA
Healtheries Potato Stix Roast Multipack Chips Kids Lunchbox Snacks 20g X 6 Pack,$4.50,$3.75 / 100G
Voost Effervescent Multivitamin 40 Pack,$20.00,$50.00 / 100EA
True Fruit Strapple Apple & Strawberry Fruit Strips 120g,$5.00,$4.17 / 100G
Macro Organic Corn Chips Natural 200g,$3.30,$1.65 / 100G
Butterfingers Gluten Free Shortbread Biscuits Pure Butter 175g,$5.70,$3.26 / 100G
Vege Chips Rice Crackers Sweet Chilli & Sour Cream 75g,$4.50,$6.00 / 100G
Voltaren Muscle And Back Pain Relief Emulgel 50g,$11.00,$22.00 / 100G
Swisspers Cotton Tips 240 Pack,$4.80,$2.00 / 100EA
Macro Organic Corn Chips Natural 200g,$3.30,$1.65 / 100G
Panadol Rapid For Pain Relief Paracetamol 500 Mg 20 Pack,$6.00,$0.30 / 1EA
Vege Chips Multi 12 Pack 250g,$8.00,$3.20 / 100G
Woolworths Sesame Seeds 100g,$1.10,$11.00 / 1KG
Macro Black Chia Seeds 350g,$6.40,$1.83 / 100G
Woolworths Cashews Roasted & Salted 750g Pack,$10.00,$13.33 / 1KG
Woolworths Almonds Kernels 750g Pack,$9.90,$13.20 / 1KG
Blackmores Bio Zinc Skin Health Immune Support Vitamin Tablets 84 Pack,$24.00,$28.57 / 100EA
Woolworths Free From Gluten Mint Creme Biscuit 145g,$3.50,$2.41 / 100G
Woolworths Soya Crisps Chilli & Lime Snacks 400g Pack,$6.00,$15.00 / 1KG
Sambucol Cough Syrups Cold & Flu Liquid 120ml,$14.40,$12.00 / 100ML
Tasti Smooshed Wholefood Balls Salted Caramel 6 Pack,$2.80,$4.06 / 100G
Systane Ultra Eye Drops 10ml,$11.50,$115.00 / 100ML
Swisse Ultivite Women's Multivitamin Tablets 60 Pack,$17.00,$28.33 / 100EA
Strepsils Extra Honey And Lemon Sore Throat Fast Numb Lozenges 36 Pack,$17.00,$0.47 / 1EA
Eureka Tea Tree Solution 200ml,$9.80,$4.90 / 100ML
Ceres Organic Seaweed Teriyaki Bbq Seaweed Snack 11.3g,$4.70,$41.59 / 100G
Macro Organic Natural Pumpkin Kernels 250g,$5.00,$20.00 / 1KG
Voost Effervescent Vitamin C Tablets 20 Pack,$11.00,$55.00 / 100EA
Sudafed Pe Nasal Decongestant 20 Pack,$14.00,$0.70 / 1EA
Stingose Antiseptic Gel Tube 25g,$9.95,$39.80 / 100G
Swisspers Cotton Tips With Paper Stems 120 Pack,$3.20,$2.67 / 100EA
Help@hand Epsom Salt 1kg,$6.00,$0.60 / 100G
Tasti Smooshed Wholefood Balls Salted Caramel & Almond 18 Pack,$6.75,$3.26 / 100G
Sunrice Brown Rice Chips Sea Salt 150g,$5.00,$3.33 / 100G
Bellis Bar Apricot 45g,$1.00,$2.22 / 100G
Quest Bar Choc Chip Cookie Dough 60g,$4.80,$8.00 / 100G
Temole Avocado Chips Tomato Salsa 40g,$3.00,$7.50 / 100G
Bosisto's Tea Tree Spray 125g,$13.00,$10.40 / 100G
Zyrtec Rapid Acting Allergy & Hayfever Antihistamine Relief 10 Gel Capsules,$14.50,$1.45 / 1EA
Strepsils Plus Anaesthetic Sore Throat Numbing Pain Relief Lozenges 36 Pack,$17.00,$0.47 / 1EA
Swisspers Cotton Tips 240 Pack,$4.80,$2.00 / 100EA
Macro Organic Corn Chips Natural 200g,$3.30,$1.65 / 100G
Panadol Rapid For Pain Relief Paracetamol 500 Mg 20 Pack,$6.00,$0.30 / 1EA
Vege Chips Multi 12 Pack 250g,$8.00,$3.20 / 100G
Woolworths Sesame Seeds 100g,$1.10,$11.00 / 1KG
Macro Black Chia Seeds 350g,$6.40,$1.83 / 100G
Woolworths Cashews Roasted & Salted 750g Pack,$10.00,$13.33 / 1KG
Woolworths Almonds Kernels 750g Pack,$9.90,$13.20 / 1KG
Sudafed Pe Sinus + Anti-inflammatory Pain Relief Double Action 20 Pack,$16.50,$0.83 / 1EA
Pico Organic Vegan Chocolate Salted Caramel 80g,$5.60,$7.00 / 100G
San Remo Gluten Free Spirals 350g,$4.50,$1.29 / 100G
Vitawerx White Chocolate Plain Bar 100g,$6.80,$6.80 / 100G
Zovirax Cold Sore Cream 2g,$16.80,$84.00 / 10G
Pana Organic Mylk Golden Comb 45g,$6.00,$13.33 / 100G
Macro White Quinoa 1kg,$10.00,$1.00 / 100G
Quest Protein Cookie Chocolate Chip Flavour 59g,$4.80,$8.14 / 100G
Vitawerx Milk Chocolate Plain Bar 100g,$6.80,$6.80 / 100G
Vege Chips Yellow Sweet Potato Deli Crisps 100g,$6.50,$6.50 / 100G
Bsc Body Science Shaker Lid 400ml,$7.00,$7.00 / 1EA
Health Lab Mylk Samantha's Cherry Chocolate Bar 4 Pack,$12.00,$7.50 / 100G
Temole Almond Chips Bbq 40g,$3.00,$7.50 / 100G
Slendier Zucchini & Eggplant Pasta Sauce 340g,$5.90,$1.74 / 100G
Macro Organic Quinoa 500g,$6.59,$1.32 / 100G
Ceres Organic Seaweed Sea Salt & Vinegar 2g X 8,$6.50,$40.63 / 100G
Swisse Ultiboost Sleep Tablets 60 Pack,$29.00,$48.33 / 100EA
Slendier Basil & Tomato Pasta Sauce 340g,$5.90,$1.74 / 100G
Voost Effervescent Immunity Blackcurrent 20 Pack,$11.00,$0.55 / 1EA
Table Of Plenty Milk Chocolate Snack Pack 84g,$4.80,$5.71 / 100G
Woolworths Free From Gluten Choc Chip Mini Cookies 8 Pack,$4.00,$2.00 / 100G
Wallaby Bites Dark Chocolate Fruit Nut 150g,$4.55,$3.03 / 100G
Vicks Vapodrop & Cough Sore Throat Lozenges Honey Lemon 36 Pack,$10.90,$0.30 / 1EA
Swisspers Cotton Tips 240 Pack,$4.80,$2.00 / 100EA
Macro Organic Corn Chips Natural 200g,$3.30,$1.65 / 100G
Panadol Rapid For Pain Relief Paracetamol 500 Mg 20 Pack,$6.00,$0.30 / 1EA
Vege Chips Multi 12 Pack 250g,$8.00,$3.20 / 100G
Woolworths Sesame Seeds 100g,$1.10,$11.00 / 1KG
Macro Black Chia Seeds 350g,$6.40,$1.83 / 100G
Woolworths Cashews Roasted & Salted 750g Pack,$10.00,$13.33 / 1KG
Woolworths Almonds Kernels 750g Pack,$9.90,$13.20 / 1KG
Voost Effervescent Vitamin C 40 Pack,$20.00,$50.00 / 100EA
Ceres Organics Tamari Soy Sauce 250ml,$8.30,$3.32 / 100ML
Swisse Ultivite Men's Multivitamin Tablets 60 Pack,$17.00,$28.33 / 100EA
Flowflex Sars Antigen Rapid Test 5 Pack,$20.00,$4.00 / 1EA
Swisse Ultivite Women's 50+ Multivitamin Tablets 60 Pack,$20.00,$33.33 / 100EA
Voost Effervescent Magnesium Tablets 20 Pack,$11.00,$55.00 / 100EA
Band-aid Tough Strips Brand 40 Pack,$4.80,$0.12 / 1EA
Health Lab Mylk Mr. Big Caramel Peanut Chocolate Bar 4 Pack,$12.00,$7.50 / 100G
Vege Chips Deli Crisps Lentil Lightly Salted 100g,$6.50,$6.50 / 100G
Strepsils Extra Honey And Lemon Sore Throat Fast Numb Lozenges 16 Pack,$9.00,$0.56 / 1EA
Nature's Way Kids Smart Vita Gummies Multi + Vegies 60 Pack,$16.50,$27.50 / 100EA
The Happy Snack Company Roasted Chickpeas Lime And Cracked Pepper 6 Pack,$6.00,$4.00 / 100G
Elastoplast Rigid Strapping Tape For Prevention & Support 15m Each,$10.00,$10.00 / 1EA
Ceres Brown Rice Cakes Original 110g,$3.80,$3.45 / 100G
Nature's Way Kids Smart Vita Gummies Vitamin C + Zinc 60 Pack,$16.50,$27.50 / 100EA
Swisse Ultiboost Vitamin D Capsules 250 Pack,$31.50,$12.60 / 100EA
Butterfingers Gluten Free Shortbread Biscuits Macadamia 175g,$6.40,$3.66 / 100G
Health Lab Mylk Carrie's Coconut Chocolate Bar 4 Pack,$12.00,$7.50 / 100G
Macro Organic Virgin Coconut Oil 300g,$4.35,$1.45 / 100G
Voost Effervescent Energy Tablets 40 Pack,$20.00,$50.00 / 100EA
Pico Organic Vegan Chocolate Hazelnut Milk 80g,$5.60,$7.00 / 100G
Woolworths Roasted & Salted Mixed Nuts 80g,$2.00,$25.00 / 1KG
Macro Almonds Tamari 500g,$14.00,$28.00 / 1KG
Golden Days Fruit Snacks Bites Apricot Delight 150g,$3.00,$2.00 / 100G
Swisspers Cotton Tips 240 Pack,$4.80,$2.00 / 100EA
Macro Organic Corn Chips Natural 200g,$3.30,$1.65 / 100G
Panadol Rapid For Pain Relief Paracetamol 500 Mg 20 Pack,$6.00,$0.30 / 1EA
Vege Chips Multi 12 Pack 250g,$8.00,$3.20 / 100G
Woolworths Sesame Seeds 100g,$1.10,$11.00 / 1KG
Macro Black Chia Seeds 350g,$6.40,$1.83 / 100G
Woolworths Cashews Roasted & Salted 750g Pack,$10.00,$13.33 / 1KG
Woolworths Almonds Kernels 750g Pack,$9.90,$13.20 / 1KG
Swisspers Cotton Tips 240 Pack,$4.80,$2.00 / 100EA
Macro Organic Corn Chips Natural 200g,$3.30,$1.65 / 100G
Panadol Rapid For Pain Relief Paracetamol 500 Mg 20 Pack,$6.00,$0.30 / 1EA
Vege Chips Multi 12 Pack 250g,$8.00,$3.20 / 100G
Woolworths Sesame Seeds 100g,$1.10,$11.00 / 1KG
Macro Black Chia Seeds 350g,$6.40,$1.83 / 100G
Woolworths Cashews Roasted & Salted 750g Pack,$10.00,$13.33 / 1KG
Woolworths Almonds Kernels 750g Pack,$9.90,$13.20 / 1KG
Swisspers Cotton Tips 240 Pack,$4.80,$2.00 / 100EA
Macro Organic Corn Chips Natural 200g,$3.30,$1.65 / 100G
Panadol Rapid For Pain Relief Paracetamol 500 Mg 20 Pack,$6.00,$0.30 / 1EA
Vege Chips Multi 12 Pack 250g,$8.00,$3.20 / 100G
Woolworths Sesame Seeds 100g,$1.10,$11.00 / 1KG
Macro Black Chia Seeds 350g,$6.40,$1.83 / 100G
Woolworths Cashews Roasted & Salted 750g Pack,$10.00,$13.33 / 1KG
Woolworths Almonds Kernels 750g Pack,$9.90,$13.20 / 1KG
Swisspers Cotton Tips 240 Pack,$4.80,$2.00 / 100EA
Macro Organic Corn Chips Natural 200g,$3.30,$1.65 / 100G
Panadol Rapid For Pain Relief Paracetamol 500 Mg 20 Pack,$6.00,$0.30 / 1EA
Vege Chips Multi 12 Pack 250g,$8.00,$3.20 / 100G
Woolworths Sesame Seeds 100g,$1.10,$11.00 / 1KG
Macro Black Chia Seeds 350g,$6.40,$1.83 / 100G
Woolworths Cashews Roasted & Salted 750g Pack,$10.00,$13.33 / 1KG
Woolworths Almonds Kernels 750g Pack,$9.90,$13.20 / 1KG
Tasti Fruit + Vege Wholefood Balls Mango & Carrot 18 Pack,$6.75,$3.26 / 100G
Quest Bar Cookies & Cream 60g,$4.80,$8.00 / 100G
Nature's Way Kids Smart Vita Gummies Vitamin C Plus Zinc 120 Pack,$30.00,$25.00 / 100EA
Vicks Vapodrop & Cough Sore Throat Lozenges Immune Orange 36 Pack,$15.90,$0.44 / 1EA
Essentials Ibuprofen 200mg Tablets 24 Pack,$1.55,$0.06 / 1EA
Sambucol Black Elderberry Immune Defence Forte Hard Capsules 30 Pack,$15.20,$0.51 / 1EA
Difflam Sore Throat Spray 30ml,$12.00,$40.00 / 100ML
Lyher Rapid Antigen Test Kit 5 Pack,$20.00,$20.00 / 1EA
Nature's Way Vitagummies Womens Multivit Orange Lemon Blueberry 100 Pack,$23.00,$23.00 / 100EA
Macro Nutty N' Nice Mix 30g,$1.25,$4.17 / 100G
Simply Wize Gluten Free Gnocchi 500g,$5.80,$1.16 / 100G
Swisse Ultiboost Relax + Sleep Tablets 60 Pack,$18.00,$30.00 / 100EA
Swisse Ultivite Men's 50+ Multivitamin Tablets 60 Pack,$20.00,$33.33 / 100EA
Dermaveen Soap-free Body Wash Oatmeal 500ml,$12.00,$2.40 / 100ML
Swisse Ultiboost Calcium + Vitamin D Tablets 90 Pack,$20.00,$22.22 / 100EA
D3 Strapping Tape Rigid 13.7m Each,$10.00,$10.00 / 1EA
Strepsils Herbal Cough Blocked Nose Sore Throat Lozenges Fresh Menthol 16 Pack,$7.00,$0.44 / 1EA
Freedom Classic Xo Cocoa Crunch Cereal 360g,$6.80,$1.89 / 100G
Cenovis Turmeric 3100 Capsules With Curcuminoids For Joint Health 80 Pack,$19.15,$23.94 / 100EA
Slendier Konjac Penne 400g,$4.10,$1.03 / 100G
The Happy Snack Company Roasted Chickpeas Lightly Salted 6 Pack,$6.00,$4.00 / 100G
Thursday Plantation Oil Tea Tree 50ml,$18.00,$36.00 / 100ML
Temole Cauliflower Puffs Kale & Pepper 56g,$3.00,$5.36 / 100G
Swisspers Cotton Tips 240 Pack,$4.80,$2.00 / 100EA
Macro Organic Corn Chips Natural 200g,$3.30,$1.65 / 100G
Panadol Rapid For Pain Relief Paracetamol 500 Mg 20 Pack,$6.00,$0.30 / 1EA
Vege Chips Multi 12 Pack 250g,$8.00,$3.20 / 100G
Woolworths Sesame Seeds 100g,$1.10,$11.00 / 1KG
Macro Black Chia Seeds 350g,$6.40,$1.83 / 100G
Woolworths Cashews Roasted & Salted 750g Pack,$10.00,$13.33 / 1KG
Woolworths Almonds Kernels 750g Pack,$9.90,$13.20 / 1KG
Woolworths Trail Mix 85g,$2.00,$23.53 / 1KG
Woolworths Cashew & Macadamia Roasted & Salted 400g Pack,$12.00,$30.00 / 1KG
Sunrice Mini Bites Surfin Sea Salt 6 Pack,$4.50,$4.17 / 100G
Wallaby Nutty Bites Vanilla 130g,$4.55,$3.50 / 100G
Vege Chips Natural Multipack 12 Pack,$8.00,$3.20 / 100G
Panadol Optizorb For Pain Relief Paracetamol 500mg Caplet 20 Pack,$4.00,$0.20 / 1EA
Macro Australian Hemp Seeds 200g,$8.00,$4.00 / 100G
Bodiez Vitalise Berry 15g Protein Water 500ml,$3.20,$6.40 / 1L
Gullon Sugar Free Chocolate Wafer Biscuits 180g,$5.00,$2.78 / 100G
Macro Popcorn Air Popped Light 20g,$1.60,$8.00 / 100G
Nurofen Zavance Fast Pain Relief Caplets 256mg Ibuprofen 24 Pack,$7.50,$0.31 / 1EA
Nature's Own Zinc + Vitamin C Chewable Tablets For Immune Support 60 Pack,$17.50,$29.17 / 100EA
"Nature's Own Sleep Ezy Capsules With Hops, Valerian + Chamomile 100 Pack",$16.45,$16.45 / 100EA
Sunrice Mini Bites Rockin' Chicken 6 Pack,$4.50,$3.75 / 100G
Thursday Plantation Tea Tree Antiseptic Spray 100ml,$9.50,$9.50 / 100ML
Gullon Cookies Sugar Free Short Bread 330g,$5.90,$1.79 / 100G
Gullon No Added Sugar Choc Twin Biscuits 147g,$5.00,$3.40 / 100G
Nature's Way Slim Right Slimming Meal Replacement Chocolate Flavour 500g,$21.00,$4.20 / 100G
Macro Linseed 500g,$3.30,$0.66 / 100G
Voost Effervescent Zinc Plus Tablets 20 Pack,$11.00,$0.55 / 1EA
Wallaby Oven Baked Pretzel Twists Sea Salt 100g,$6.50,$6.50 / 100G
Off The Eaten Path Vegetable Chips Pea & Pinto Bean Sticks Sea Salt 100g,$4.00,$4.00 / 100G
Woolworths Hiker's Trail Mix 400g,$7.00,$17.50 / 1KG
Swisspers Cotton Tips 240 Pack,$4.80,$2.00 / 100EA
Macro Organic Corn Chips Natural 200g,$3.30,$1.65 / 100G
Panadol Rapid For Pain Relief Paracetamol 500 Mg 20 Pack,$6.00,$0.30 / 1EA
Vege Chips Multi 12 Pack 250g,$8.00,$3.20 / 100G
Woolworths Sesame Seeds 100g,$1.10,$11.00 / 1KG
Macro Black Chia Seeds 350g,$6.40,$1.83 / 100G
Woolworths Cashews Roasted & Salted 750g Pack,$10.00,$13.33 / 1KG
Woolworths Almonds Kernels 750g Pack,$9.90,$13.20 / 1KG
Well Naturally No Sugar Added Dark Chocolate Covered Almonds 80g,$5.50,$6.88 / 100G
Blackmores Bio C 1000mg Echinacea + Zinc Vitamin C Effervescent Tablets 10 Pack,$9.00,$0.90 / 1EA
Woolworths Free From Gluten Gingernut Biscuit 155g,$2.70,$1.74 / 100G
Woolworths Natural Almonds 70g,$2.00,$28.57 / 1KG
Bosisto's Antifungal Solution Tea Tree & Clove 100ml,$8.00,$8.00 / 100ML
Woolworths Free From Gluten Cereal Cornflakes 375g,$3.00,$0.80 / 100G
Nature's Way Vitamin C & Zinc & Echinacea Immune Support 100 Pack,$20.00,$20.00 / 100EA
Gimme Roasted Seaweed Snacks Sea Salt 6 Pack,$11.95,$39.83 / 100G
Swisse Ultiboost Odourless High Strength Wild Fish Oil 400 Pack,$26.50,$6.63 / 100EA
Woolworths Almonds Tamari 225g,$7.00,$31.11 / 1KG
Macro Natural Almond Spread 250g,$5.70,$2.28 / 100G
Orgran Gluten Free Wafer Crackers Quinoa 100g,$4.20,$4.20 / 100G
Simply Wize Gnocchi Pumpkin 500g,$5.80,$1.16 / 100G
Temole Broccoli Puffs Cheese 56g,$3.00,$5.36 / 100G
True Fruit Gogo Apple Mango & Apple Fruit Strips 120g,$5.00,$4.17 / 100G
Voost Effervescent Mega B Complex Tablets 20 Pack,$11.00,$0.55 / 1EA
Sunrice Mini Bites Rollin' Salt & Vinegar 6 Pack,$4.50,$3.75 / 100G
Macro Chia Seed Black & White 150g,$6.00,$4.00 / 100G
Nature's Way Vitamin C Orange 500mg Immune Support 300 Pack,$16.80,$5.60 / 100EA
Zeiss Lens Wipes 50 Pack,$7.00,$0.14 / 1EA
The Happy Snack Company Roasted Fava Beans Lightly Salted 6 Pack,$6.00,$4.00 / 100G
Quest Protein Cookie Double Chocolate Chip Flavour 59g,$4.80,$8.14 / 100G
Help@hand Tea Tree Oil 200ml,$7.00,$3.50 / 100ML
Swisspers Cotton Tips 240 Pack,$4.80,$2.00 / 100EA
Macro Organic Corn Chips Natural 200g,$3.30,$1.65 / 100G
Panadol Rapid For Pain Relief Paracetamol 500 Mg 20 Pack,$6.00,$0.30 / 1EA
Vege Chips Multi 12 Pack 250g,$8.00,$3.20 / 100G
Woolworths Sesame Seeds 100g,$1.10,$11.00 / 1KG
Macro Black Chia Seeds 350g,$6.40,$1.83 / 100G
Woolworths Cashews Roasted & Salted 750g Pack,$10.00,$13.33 / 1KG
Woolworths Almonds Kernels 750g Pack,$9.90,$13.20 / 1KG
Swisspers Cotton Tips 240 Pack,$4.80,$2.00 / 100EA
Macro Organic Corn Chips Natural 200g,$3.30,$1.65 / 100G
Panadol Rapid For Pain Relief Paracetamol 500 Mg 20 Pack,$6.00,$0.30 / 1EA
Vege Chips Multi 12 Pack 250g,$8.00,$3.20 / 100G
Woolworths Sesame Seeds 100g,$1.10,$11.00 / 1KG
Macro Black Chia Seeds 350g,$6.40,$1.83 / 100G
Woolworths Cashews Roasted & Salted 750g Pack,$10.00,$13.33 / 1KG
Woolworths Almonds Kernels 750g Pack,$9.90,$13.20 / 1KG
Swisspers Cotton Tips 240 Pack,$4.80,$2.00 / 100EA
Macro Organic Corn Chips Natural 200g,$3.30,$1.65 / 100G
Panadol Rapid For Pain Relief Paracetamol 500 Mg 20 Pack,$6.00,$0.30 / 1EA
Vege Chips Multi 12 Pack 250g,$8.00,$3.20 / 100G
Woolworths Sesame Seeds 100g,$1.10,$11.00 / 1KG
Macro Black Chia Seeds 350g,$6.40,$1.83 / 100G
Woolworths Cashews Roasted & Salted 750g Pack,$10.00,$13.33 / 1KG
Woolworths Almonds Kernels 750g Pack,$9.90,$13.20 / 1KG
Well Naturally No Sugar Added Dark Choc Raspberry 90g,$5.50,$6.11 / 100G
Difflam Forte Throat Spray 15ml,$17.00,$113.33 / 100ML
Naturopathica Curcumax Turmeric Daily 3100mg Tablets 80 Pack,$25.00,$31.25 / 100EA
Swisse Ultivite Women's Multivitamin Tablets 30 Pack,$21.50,$71.67 / 100EA
Swisse Ultiboost Calm + Sleep Gummies 60 Pack,$13.25,$22.08 / 100EA
Vicks Vaposhower Tablets 5 Pack,$14.90,$2.98 / 1EA
"Musashi Wafer Protein Bar Chocolate, Bcaas, 40g",$3.20,$8.00 / 100G
Ostelin Vitamin D 1000iu D3 Capsules For Bone Health + Immunity 60 Pack,$17.45,$29.08 / 100EA
Bc Snacks Raspberry Truffle High Protein Bar 40g,$3.50,$8.75 / 100G
Quick-eze Antacids Forest Berry 24 Pack,$7.50,$0.31 / 1EA
The Happy Snack Company Chickpeas Chocolate 5 Pack,$6.00,$6.00 / 100G
Macro Lentil Bites Pumpkin 6 Pack,$5.00,$4.63 / 100G
Tom & Luke Peanut Butter & Cacao 10 Pack,$5.50,$3.93 / 100G
Messy Monkeys Choc Rice Puff Bars 6 Pack,$4.50,$3.75 / 100G
Macro White Chia Seeds 350g,$6.59,$1.88 / 100G
Messy Monkeys Wholegrain Bites Burger 6 Pack,$4.50,$3.75 / 100G
Medjool Dates Punnet 450g,$11.00,$24.44 / 1KG
Woolworths Peanuts Roasted & Salted 750g Pack,$6.00,$8.00 / 1KG
Simply Wize Grissini Original Breadsticks 100g,$6.00,$6.00 / 100G
Quick-eze Heartburn & Indigestion Relief Original 60 Pack,$9.00,$0.15 / 1EA
Tom & Luke Original Dark Chocolate Snackballs 132g,$5.50,$4.17 / 100G
Macro Air Popped Popcorn Salted & Sweet 20g,$1.60,$8.00 / 100G
Woolworths Free From Gluten Breadcrumbs 350g,$4.50,$1.29 / 100G
Swisspers Cotton Tips 240 Pack,$4.80,$2.00 / 100EA
Macro Organic Corn Chips Natural 200g,$3.30,$1.65 / 100G
Panadol Rapid For Pain Relief Paracetamol 500 Mg 20 Pack,$6.00,$0.30 / 1EA
Vege Chips Multi 12 Pack 250g,$8.00,$3.20 / 100G
Woolworths Sesame Seeds 100g,$1.10,$11.00 / 1KG
Macro Black Chia Seeds 350g,$6.40,$1.83 / 100G
Woolworths Cashews Roasted & Salted 750g Pack,$10.00,$13.33 / 1KG
Woolworths Almonds Kernels 750g Pack,$9.90,$13.20 / 1KG
Swisse Kids Multi Gummies 60 Pack,$10.25,$17.08 / 100EA
Panadol Extra With Optizorb Paracetamol Pain Relief 20 Pack,$7.50,$0.38 / 1EA
Swisse Ultiboost High Strength C Tablets 150 Pack,$21.00,$14.00 / 100EA
Macro Lentil Bites Beetroot 6 Pack,$5.00,$4.63 / 100G
Nature's Own Complete Sleep Advanced Tablets For Stress Relief 30 Pack,$21.80,$0.73 / 1EA
Connect Foods Pumpkin Seeds Pink Himalayan Salt 125g,$4.00,$3.20 / 100G
Help@hand Cotton Tips 400 Pack,$3.85,$0.96 / 100EA
Macro Organic Brown Flaxseed Meal 500g,$5.00,$1.00 / 100G
Band-aid Tough Strips Extra Large Fabric Bandages 10 Pack,$4.00,$0.40 / 1EA
Ceres Organics Brown Rice Crackers Chia 115g,$3.80,$3.30 / 100G
Ostelin Vitamin D 1000iu D3 Capsules For Bone Health + Immunity 130 Pack,$27.85,$21.42 / 100EA
The Happy Snack Company Kids Fava Beans Pizza 10 Pack,$6.00,$4.00 / 100G
Macro Bulgur Wheat 500g,$4.50,$0.90 / 100G
Off The Eaten Path Veggie Chips Pea & Pinto Bean Sticks Sweet Chilli Sour Cream 100g,$4.00,$4.00 / 100G
Help@hand Cotton Balls 200 Pack,$2.00,$1.00 / 100EA
Centrum Women 50+ Daily Multivitamin Supplements 60 Pack,$21.99,$36.65 / 100EA
Band-aid First Aid Non-irritating Paper Tape 2.5cm X 9.1m Each,$7.50,$0.82 / 1M
Centrum Women Daily Multivitamin Supplements 60 Pack,$21.99,$36.65 / 100EA
Nyal Gentle Relief Saline 30ml,$10.00,$33.33 / 100ML
Nature's Way Sleeping Tablets 60 Pack,$20.00,$33.33 / 100EA
Macro Organic Coconut Oil 900g,$9.90,$1.10 / 100G
Betadine Sore Throat Lozenges Anaesthetic Honey & Lemon 36 Pack,$10.00,$0.28 / 1EA
Woolworths Free From Creme Choc Biscuits 120g,$2.70,$2.25 / 100G
Swisspers Cotton Tips 240 Pack,$4.80,$2.00 / 100EA
Macro Organic Corn Chips Natural 200g,$3.30,$1.65 / 100G
Panadol Rapid For Pain Relief Paracetamol 500 Mg 20 Pack,$6.00,$0.30 / 1EA
Vege Chips Multi 12 Pack 250g,$8.00,$3.20 / 100G
Woolworths Sesame Seeds 100g,$1.10,$11.00 / 1KG
Macro Black Chia Seeds 350g,$6.40,$1.83 / 100G
Woolworths Cashews Roasted & Salted 750g Pack,$10.00,$13.33 / 1KG
Woolworths Almonds Kernels 750g Pack,$9.90,$13.20 / 1KG
Quick-eze Heartburn & Indigestion Relief Chewy Peppermint 24 Pack,$7.50,$0.31 / 1EA
Funday Natural Sweets No Sugar Added Vegan Lollies Sour Gummy Bears 50g,$3.50,$7.00 / 100G
Cenovis Echinacea Garlic Zinc & Vitamin C For Immune Support 125 Pack,$29.20,$23.36 / 100EA
Vicks Insight Thermometer Each,$26.50,$26.50 / 1EA
Naturopathica Fat Blaster Chocolate Shake 430g,$22.00,$5.12 / 100G
Health Lab Bandwagon Classic Bscuit Plant Based Gluten Free 130g,$8.00,$6.15 / 100G
Tasti Fruit Wholefood Balls Blackcurrant 18 Pack,$6.75,$3.26 / 100G
"Musashi Protein Cookie Choc Chip, Low Sugar Snack, 58g",$3.50,$6.03 / 100G
Sup Shots Gut Love 8 Pack X 50ml,$30.00,$7.50 / 100ML
Woolworths Macadamias Kernels Raw 400g Pack,$15.40,$38.50 / 1KG
Cenovis Echinacea Garlic Zinc & Vitamin C For Immune Support 60 Pack,$17.00,$28.33 / 100EA
Off The Eaten Path Brown Rice Chips Sea Salt & Pepper 75g,$4.00,$5.33 / 100G
Health Lab Aussie Lamington Snack Ball 40g,$2.00,$5.00 / 100G
Macro Unrefined Coconut Sugar 250g,$3.75,$1.50 / 100G
Macro Pitted Dates 500g,$3.40,$6.80 / 1KG
The Happy Snack Company Roasted Fava Beans Red Pepper & Chilli 6 Pack,$6.00,$4.00 / 100G
Health Lab Holy Hazelnut Nut Butter Filled Ball 40g,$2.00,$5.00 / 100G
Woolworths Nut Oven Roasted Premium Mix 400g,$12.00,$30.00 / 1KG
Niulife Organic Extra Thick Coconut Amino Teriyaki Sauce 250ml,$7.50,$3.00 / 100ML
Tom & Luke Apple & Chia Snackaballs 88g,$4.50,$5.11 / 100G
Quick-eze Antacids Peppermint Chewy 8 Pack,$3.00,$0.38 / 1EA
The Happy Snack Company Roasted Fava Beans Smoky Bbq 6 Pack,$6.00,$4.00 / 100G
Sunrice Mini Bites Mixin' Cheese 6 Pack,$4.50,$3.75 / 100G
Swisspers Cotton Tips 240 Pack,$4.80,$2.00 / 100EA
Macro Organic Corn Chips Natural 200g,$3.30,$1.65 / 100G
Panadol Rapid For Pain Relief Paracetamol 500 Mg 20 Pack,$6.00,$0.30 / 1EA
Vege Chips Multi 12 Pack 250g,$8.00,$3.20 / 100G
Woolworths Sesame Seeds 100g,$1.10,$11.00 / 1KG
Macro Black Chia Seeds 350g,$6.40,$1.83 / 100G
Woolworths Cashews Roasted & Salted 750g Pack,$10.00,$13.33 / 1KG
Woolworths Almonds Kernels 750g Pack,$9.90,$13.20 / 1KG
Health Lab Chewy Choc Chip Peanut Butter Protein Balls 5 Pack,$12.75,$6.38 / 100G
Keep It Cleaner Protein Indulge Bar Choc Caramel 40g,$3.50,$8.75 / 100G
Ceres Organics Crispy Cloud Salt & Vinegar 50g,$4.00,$8.00 / 100G
Off The Eaten Path Vegetable Chips Pea & Pinto Bean Sticks Cheddar & Chives 100g,$4.00,$4.00 / 100G
Pana Organic Peanut Caramel 45g,$6.00,$13.33 / 100G
"Musashi Shred & Burn Protein Shake Chocolate Milkshake, Low Carb, 375ml",$4.55,$1.21 / 100ML
Macro Brewers Yeast 225g,$6.00,$2.67 / 100G
Macro Organic Coconut Flakes 200g,$3.50,$1.75 / 100G
Blue Dinosaur Paleo Bars Lamington 45g,$2.95,$6.56 / 100G
"Musashi Wafer Protein Bar Vanilla, Bcaas, 40g",$3.20,$8.00 / 100G
Swisse Kids Immune Gummies 60 Pack,$10.25,$17.08 / 100EA
"Vogel's Low Carb Granola Raspberry, Blueberry & Almond 360g",$7.20,$2.00 / 100G
Woolworths Nut & Pretzel Crunch Mix 600g,$8.00,$13.33 / 1KG
Blackmores Odourless Fish Oil 1000mg Omega-3 Capsules 200 Pack,$25.00,$12.50 / 100EA
Blackmores Nails Hair & Skin Beauty Vitamin Tablets 60 Pack,$18.00,$30.00 / 100EA
Bosisto's Eucalyptus Spray 225g,$9.60,$4.27 / 100G
Cenovis Vitamin D 1000iu Tablets D3 For Bone Health 200 Pack,$15.10,$7.55 / 100EA
Vogel's Low Carb Granola Apple Crumble & Cinnamon 360g,$7.20,$2.00 / 100G
Macro Organic Corn Chips Cheese 200g,$3.30,$1.65 / 100G
Temole Almond Chips Seasalt 40g,$3.00,$7.50 / 100G
Swisse Ultiboost Memory + Focus Tablets 50 Pack,$15.50,$31.00 / 100EA
Sup Gut Love Debloat Capsules 30 Pack,$20.00,$66.67 / 100EA
Swisspers Cotton Tips 240 Pack,$4.80,$2.00 / 100EA
Macro Organic Corn Chips Natural 200g,$3.30,$1.65 / 100G
Panadol Rapid For Pain Relief Paracetamol 500 Mg 20 Pack,$6.00,$0.30 / 1EA
Vege Chips Multi 12 Pack 250g,$8.00,$3.20 / 100G
Woolworths Sesame Seeds 100g,$1.10,$11.00 / 1KG
Macro Black Chia Seeds 350g,$6.40,$1.83 / 100G
Woolworths Cashews Roasted & Salted 750g Pack,$10.00,$13.33 / 1KG
Woolworths Almonds Kernels 750g Pack,$9.90,$13.20 / 1KG
Swisspers Cotton Tips 240 Pack,$4.80,$2.00 / 100EA
Macro Organic Corn Chips Natural 200g,$3.30,$1.65 / 100G
Panadol Rapid For Pain Relief Paracetamol 500 Mg 20 Pack,$6.00,$0.30 / 1EA
Vege Chips Multi 12 Pack 250g,$8.00,$3.20 / 100G
Woolworths Sesame Seeds 100g,$1.10,$11.00 / 1KG
Macro Black Chia Seeds 350g,$6.40,$1.83 / 100G
Woolworths Cashews Roasted & Salted 750g Pack,$10.00,$13.33 / 1KG
Woolworths Almonds Kernels 750g Pack,$9.90,$13.20 / 1KG
Blackmores Superkids Multivitamin Kids Health Gummies 60 Pack,$17.00,$28.33 / 100EA
Slendier Masala Instant Cup Noodles 65g,$4.40,$6.77 / 100G
Coloxyl & Senna Tablets 45 Pack,$8.00,$0.18 / 1EA
Robitussin Cough Syrups Chesty Cough 200ml,$12.00,$6.00 / 100ML
Woolworths Wasabi Pea Soy Crisp & Smoked Almond Mix 400g,$6.50,$16.25 / 1KG
Swisse Probiotic + Prebiotic Gummies 45 Pack,$13.25,$29.44 / 100EA
Systane Complete Lubricant Eye Drop 10ml,$18.80,$188.00 / 100ML
Swisse Ultivite Multivitamin Gummies 60 Pack,$13.25,$22.08 / 100EA
Bc Snacks Choc Mint Crunch High Protein Bar 40g,$3.50,$8.75 / 100G
Swisse Ultivite Men's Multivitamin Tablets 30 Pack,$21.50,$71.67 / 100EA
Hot Hands Hand Warmers 1 Pair,$2.20,$2.20 / 1EA
Macro Goji Berries 200g,$6.50,$3.25 / 100G
Well Naturally 99% Sugar Free Bites Strawberry 110g,$5.00,$4.55 / 100G
Strepfen Intensive Throat Lozenges Honey & Lemon 16 Pack,$7.50,$0.47 / 1EA
Eskal Gluten Free Biscuits Wafers Lemon Gluten Free 200g,$4.50,$2.25 / 100G
Panadol Rapid Soluble Tablets For Pain Relief Paracetamol 500mg 20 Pack,$6.25,$0.31 / 1EA
Buontempo Gluten Free Pasta Penne 600g,$4.80,$0.80 / 100G
Fodmapped For You Roasted Pumpkin & Sage Soup 500g,$8.90,$1.78 / 100G
Health Lab Cookie Dough Vibes Custard Filled Balls 4 Pack,$12.00,$7.50 / 100G
The Happy Snack Company Kids Fava Beans Salt And Vinegar 10 Pack,$6.00,$4.00 / 100G
Help@hand Ibuprofen Mini Caps 24 Pack,$2.40,$0.10 / 1EA
Blackmores Bio C 1000mg Vitamin C Immune Support Tablets 62 Pack,$21.00,$33.87 / 100EA
Funday Natural Sweets No Sugar Added Lollies Sour Peach Hearts 50g,$3.50,$7.00 / 100G
Swisspers Cotton Tips 240 Pack,$4.80,$2.00 / 100EA
Macro Organic Corn Chips Natural 200g,$3.30,$1.65 / 100G
Panadol Rapid For Pain Relief Paracetamol 500 Mg 20 Pack,$6.00,$0.30 / 1EA
Vege Chips Multi 12 Pack 250g,$8.00,$3.20 / 100G
Woolworths Sesame Seeds 100g,$1.10,$11.00 / 1KG
Macro Black Chia Seeds 350g,$6.40,$1.83 / 100G
Woolworths Cashews Roasted & Salted 750g Pack,$10.00,$13.33 / 1KG
Woolworths Almonds Kernels 750g Pack,$9.90,$13.20 / 1KG
Funday Natural Sweets Fruity Flavoured Gummy Snakes 50g,$3.50,$7.00 / 100G
Swisse Ultiboost High Strength Co?enzyme Q10 Capsules 30 Pack,$17.75,$59.17 / 100EA
Woolworths Apricot Sun Dried 750g Pack,$11.25,$15.00 / 1KG
Simply Wize Gluten Free Cauliflower Gnocci 400g,$6.50,$1.63 / 100G
Woolworths Banana Chips Snack 400g,$4.00,$10.00 / 1KG
Golden Palm Medjool Dates Roll With Coconut Punnet 225g,$8.00,$35.56 / 1KG
Woolworths Free From Gluten Vanilla Cake Mix 430g,$3.00,$0.70 / 100G
Bosisto's Aroma Sleep Mist 125ml,$10.00,$8.00 / 100ML
Swisse Ultibiotic Daily Digestive Probiotic Capsules 30 Pack,$35.00,$116.67 / 100EA
Ceres Organics Young Jackfruit 400g,$5.00,$1.25 / 100G
Nature's Way Kids Smart Vita Gummies Omega-3 Dha Fish Oil 60 Pack,$16.50,$27.50 / 100EA
Blue Dinosaur Paleo Bars Banana Bread 45g,$2.95,$6.56 / 100G
Go Natural Fruit Snacks Frugos Berry 150g,$5.00,$3.33 / 100G
Pana Organic Mint Chocolate 45g,$6.00,$13.33 / 100G
Macro Lentil Bites Carrot 6 Pack,$5.00,$4.63 / 100G
Nature's Way Kids Smart Vita Gummies Iron + Vitamin C 60 Pack,$16.50,$27.50 / 100EA
Swisse Ultiboost Magnesium Tablets 120 Pack,$20.00,$16.67 / 100EA
Health Lab Chewy Choc Chip Peanut Butter Protein Ball 40g,$2.00,$5.00 / 100G
Vicks Vapodrops Xtra Strong Menthol Blast 16 Pack,$6.40,$0.40 / 1EA
Sup Collagen Hair Skin & Nails 60 Pack,$20.00,$33.33 / 100EA
Munchme Pistachio Cranberry 120g,$6.75,$5.63 / 100G
Nomo Caramel Chocolate Bar 38g,$2.50,$6.58 / 100G
Olina's Gluten Free Sunflower Seed & Fig Cracker 100g,$5.00,$5.00 / 100G
Blackmores Evening Primrose Oil Skin Health Vitamin Capsules 125 Pack,$23.00,$18.40 / 100EA
Swisspers Cotton Tips 240 Pack,$4.80,$2.00 / 100EA
Macro Organic Corn Chips Natural 200g,$3.30,$1.65 / 100G
Panadol Rapid For Pain Relief Paracetamol 500 Mg 20 Pack,$6.00,$0.30 / 1EA
Vege Chips Multi 12 Pack 250g,$8.00,$3.20 / 100G
Woolworths Sesame Seeds 100g,$1.10,$11.00 / 1KG
Macro Black Chia Seeds 350g,$6.40,$1.83 / 100G
Woolworths Cashews Roasted & Salted 750g Pack,$10.00,$13.33 / 1KG
Woolworths Almonds Kernels 750g Pack,$9.90,$13.20 / 1KG
Swisspers Cotton Tips 240 Pack,$4.80,$2.00 / 100EA
Macro Organic Corn Chips Natural 200g,$3.30,$1.65 / 100G
Panadol Rapid For Pain Relief Paracetamol 500 Mg 20 Pack,$6.00,$0.30 / 1EA
Vege Chips Multi 12 Pack 250g,$8.00,$3.20 / 100G
Woolworths Sesame Seeds 100g,$1.10,$11.00 / 1KG
Macro Black Chia Seeds 350g,$6.40,$1.83 / 100G
Woolworths Cashews Roasted & Salted 750g Pack,$10.00,$13.33 / 1KG
Woolworths Almonds Kernels 750g Pack,$9.90,$13.20 / 1KG
Swisse Ultiboost Ashwagandha Calm+ Tablets 60 Pack,$32.50,$54.17 / 100EA
Crankt Protein + Energy Bar Chocolate Mud Cake 60g,$3.50,$5.83 / 100G
Macro Organic Dates 500g,$4.50,$0.90 / 100G
Swisse Beauty Collagen Glow Tablets 60 Pack,$38.50,$64.17 / 100EA
Well Naturally 99% Sugar Free Snakes 90g,$5.00,$5.56 / 100G
Help@hand Ibuprofen Soft Gel Capsules 200mg 20 Pack,$2.60,$0.13 / 1EA
Woolworths Dried Goji Berries 150g,$4.70,$31.33 / 1KG
Musashi Alpha 750 Ml Size Shaker Clear Red Each,$14.99,$2.00 / 100ML
Tom & Luke Berry Buckwheat Snackaballs 88g,$4.50,$5.11 / 100G
Naturopathica Fat Blaster Vanilla Shake 430g,$22.00,$5.12 / 100G
Woolworths Roasted & Salted Macadamias 120g,$7.00,$58.33 / 1KG
Nature's Way Kids Smart Vita-gummies Calcium 60 Pack,$16.50,$27.50 / 100EA
Panadol Liquid Caps Paracetamol 20 Pack,$5.20,$0.26 / 1EA
Blackmores Tranquil Night Sleep Support Vitamin Tablets 60 Pack,$26.00,$43.33 / 100EA
"Musashi High Protein Bar Chocolate Brownie, Low Carb, 90g",$5.00,$5.56 / 100G
The Happy Snack Company Kids Fava Beans Lightly Salted 10 Pack,$6.00,$4.00 / 100G
Blackmores Echinacea Ace + Zinc Vitamin C Immune Support Tablets 60 Pack,$22.00,$36.67 / 100EA
Ceres Organics Coconut Rolls 80g,$4.50,$5.63 / 100G
Nature's Way Apple Cider Vinegar Gummies 65 Pack,$21.00,$32.31 / 100EA
Munchme Pumpkin Seed Snack 60g,$3.00,$5.00 / 100G
The Happy Snack Company Chickpeas Choc Salted Caramel 5 Pack,$6.00,$6.00 / 100G
Systane Ultra Ud Lubricant Eye Drops 25 X0.5ml,$18.25,$146.00 / 100ML
Keep It Cleaner Plant Protein Bar Choc Mint Crunch 40g,$3.50,$8.75 / 100G
Koja Peanut Butter Choc Chip Crunch Bar 30g,$3.00,$10.00 / 100G
Swisspers Cotton Tips 240 Pack,$4.80,$2.00 / 100EA
Macro Organic Corn Chips Natural 200g,$3.30,$1.65 / 100G
Panadol Rapid For Pain Relief Paracetamol 500 Mg 20 Pack,$6.00,$0.30 / 1EA
Vege Chips Multi 12 Pack 250g,$8.00,$3.20 / 100G
Woolworths Sesame Seeds 100g,$1.10,$11.00 / 1KG
Macro Black Chia Seeds 350g,$6.40,$1.83 / 100G
Woolworths Cashews Roasted & Salted 750g Pack,$10.00,$13.33 / 1KG
Woolworths Almonds Kernels 750g Pack,$9.90,$13.20 / 1KG
Bc Snacks Dark Chocolate And Almond High Protein Bar 40g,$3.50,$8.75 / 100G
Prunelax Extra Strength Tablets 80 Pack,$10.35,$0.13 / 1EA
Strepsils Plus Blocked Nose Sore Throat Lozenges Menthol 36 Pack,$17.00,$0.47 / 1EA
Messy Monkeys Choc Crunch Cereal 240g,$3.75,$1.56 / 100G
Nature's Way Kids Smart Vita Gummies Omega 120 Pack,$30.00,$25.00 / 100EA
Swisse Ultiboost Magnesium Tablets 60 Pack,$23.50,$39.17 / 100EA
Orgran Gluten Free Breadcrumbs Premium Panko 300g,$4.00,$1.33 / 100G
Sup Inner Glow Collagen Gummies Berry Flavour 40 Pack,$20.00,$50.00 / 100EA
Eskal Gluten Free Crackers 200g,$5.00,$2.50 / 100G
Life Space Broad Spectrum Probiotic 40 Pack,$32.00,$80.00 / 100EA
Woolworths Free From Gluten Buttermilk Pancake Mix 375g,$2.90,$0.77 / 100G
Blackmores Vitamin D3 1000iu Bone Health Immunity Capsules 200 Pack,$30.00,$15.00 / 100EA
Swisse Beauty Hair Skin Nails Gummies 50 Pack,$13.25,$13.25 / 1EA
Crankt Protein + Energy Bar Salted Caramel 60g,$3.50,$5.83 / 100G
Food For Health Bars Fruit Free 150g,$7.00,$4.67 / 100G
Orgran Gluten Free Garden Veggie Puffs Sweet Corn 90g,$3.50,$3.89 / 100G
Cenovis Mega Vitamin C 1000mg Chewable Tablets For Immune Support 100 Pack,$16.55,$16.55 / 100EA
Difflam Plus Sore Throat Lozenges Honey Anaesthetic 16 Pack,$8.00,$0.50 / 1EA
Help@hand Paracetamol Tablets 20 Pack,$2.00,$2.00 / 1EA
Laxettes Senna Laxative Tablets 50 Pack,$4.55,$0.09 / 1EA
Kez's Kitchen Gluten Free Lemon Cream Melting Moments 190g,$7.70,$4.05 / 100G
All Natural Bakery Bars Oat Slice Yog Peach & Mango 100g,$2.60,$2.60 / 100G
Nyal Paracetamol Capsules 20 Pack,$3.50,$0.18 / 1EA
Cenovis Once Daily Women's Multi + Energy Boost Capsules 100 Pack,$32.80,$32.80 / 100EA
Swisspers Cotton Tips 240 Pack,$4.80,$2.00 / 100EA
Macro Organic Corn Chips Natural 200g,$3.30,$1.65 / 100G
Panadol Rapid For Pain Relief Paracetamol 500 Mg 20 Pack,$6.00,$0.30 / 1EA
Vege Chips Multi 12 Pack 250g,$8.00,$3.20 / 100G
Woolworths Sesame Seeds 100g,$1.10,$11.00 / 1KG
Macro Black Chia Seeds 350g,$6.40,$1.83 / 100G
Woolworths Cashews Roasted & Salted 750g Pack,$10.00,$13.33 / 1KG
Woolworths Almonds Kernels 750g Pack,$9.90,$13.20 / 1KG
Macro Chipotle Crunch 30g,$1.25,$4.17 / 100G
Strepfen Intensive Throat Lozenges Sugar Free Orange 16 Pack,$7.50,$0.47 / 1EA
Koja Peanut Butter Caramel Bar 30g,$3.00,$10.00 / 100G
Woolworths Mixed Nuts & Fruit 750g Pack,$7.70,$10.27 / 1KG
Bosisto's Eucalyptus Oil 50ml,$6.00,$12.00 / 100ML
Macro Organic Buckwheat Raw 500g,$3.50,$0.70 / 100G
Dj&a Shiitake Mushroom Crisps 65g,$6.00,$9.23 / 100G
Health Lab Mirandas Delight Mylk Chocolate Bar 160g,$12.00,$7.50 / 100G
Nature's Way Kids Smart Probiotic Choc Balls 50 Pack,$17.00,$34.00 / 100EA
Bsc Body Science High Protein Low Carb Bar Cookies & Cream 60g,$4.50,$7.50 / 100G
Munchme Cashew Sesame 120g,$6.75,$5.63 / 100G
Koja Peanut Butter Chocolate Bar 30g,$3.00,$10.00 / 100G
Woolworths Hazelnut Kernels 110g,$4.25,$38.64 / 1KG
Macro Organic Cashews Nuts 500g,$15.00,$30.00 / 1KG
Tasti Fruit Wholefood Balls Apple 18 Pack,$6.75,$3.26 / 100G
Bee Vital Organic Apple Cider Vinegar Vinegar With The Mother 500ml,$5.50,$1.10 / 100ML
Nature's Way Adult Vita Gummies Hair Skin & Nails 60 Pack,$23.00,$38.33 / 100EA
"Macro Natural Brazil, Almond & Cashew Spread 250g",$5.70,$2.28 / 100G
All Natural Bakery Bars Slice Oat Fruit & Nut 100g,$2.60,$2.60 / 100G
Sup Hair Skin & Nails Gummies Raspberry Flavour 60 Pack,$20.00,$33.33 / 100EA
Woolworths Nut Mix Natural Premium 400g,$9.70,$24.25 / 1KG
Happy Way Charge Up Watermelon 300g,$72.95,$24.32 / 100G
All Natural Bakery Bars Slice Oat Almond & Apricot 100g,$2.60,$2.60 / 100G
Swisspers Cotton Tips 240 Pack,$4.80,$2.00 / 100EA
Macro Organic Corn Chips Natural 200g,$3.30,$1.65 / 100G
Panadol Rapid For Pain Relief Paracetamol 500 Mg 20 Pack,$6.00,$0.30 / 1EA
Vege Chips Multi 12 Pack 250g,$8.00,$3.20 / 100G
Woolworths Sesame Seeds 100g,$1.10,$11.00 / 1KG
Macro Black Chia Seeds 350g,$6.40,$1.83 / 100G
Woolworths Cashews Roasted & Salted 750g Pack,$10.00,$13.33 / 1KG
Woolworths Almonds Kernels 750g Pack,$9.90,$13.20 / 1KG
Berocca Vitamin B & C Original Berry Flavour Energy 45 Pack,$25.00,$55.56 / 100EA
Essentials Aspirin 300mg Tablets 24 Pack,$0.95,$0.04 / 1EA
Band-aid Tough Strips Regular 20 Pack,$4.00,$0.20 / 1EA
Wallaby Cookie Dough Bites Chocolate Macadamia With Maple 130g,$6.50,$5.00 / 100G
Band-aid Waterproof Tough Strips 20 Pack,$4.50,$0.23 / 1EA
Nature's Way Magnesium & Turmeric Tablets 150 Pack,$38.00,$25.33 / 100EA
Nature's Own Vitamin B12 1000mcg Vitamin B Tablets For Energy 60 Pack,$16.85,$28.08 / 100EA
Hydralyte Sports Effervescent Tablets Lemon Lime 20 Pack,$14.50,$0.73 / 1EA
Byron Bay Cookies Gluten Free White Choc Macadamia Cookie Bites 100g,$3.50,$3.50 / 100G
Help@hand For Pain Relief Paracetamol 500mg Rapid Release Tablets 20 Pack,$2.70,$0.14 / 1EA
Macro Cashew Kernels 500g,$12.00,$24.00 / 1KG
Bc Snacks White Chocolate Raspberry Truffle High Protein Bar 40g,$3.50,$8.75 / 100G
Swisse Beauty Collagen + Hyaluronic Acid Booster Tablets 80 Pack,$42.50,$42.50 / 1EA
Temole Avocado Chips Cheese 40g,$3.00,$7.50 / 100G
"Musashi High Protein Shake Chocolate, 99% Fat Free, 375ml",$4.05,$1.08 / 100ML
Blackmores Executive B Vitamin B Stress Support Tablets 125 Pack,$39.00,$31.20 / 100EA
"Musashi Crisp Protein Bar Chocolate Peanut, 60g",$3.50,$5.83 / 100G
Blackmores Probiotics+ Immune Defence Gut Health Vitamin Capsules 30 Pack,$31.00,$103.33 / 100EA
Hydralyte Sports Effervescent Tablets Berry 20 Pack,$14.50,$0.73 / 1EA
Nature's Way Vitagummies Omega-3 110 Pack,$23.00,$20.91 / 100EA
Fodmapped For You Teriyaki Stir Fry Simmer Sauce 200g,$5.90,$2.95 / 100G
Swisspers Cotton Tips 240 Pack,$4.80,$2.00 / 100EA
Macro Organic Corn Chips Natural 200g,$3.30,$1.65 / 100G
Panadol Rapid For Pain Relief Paracetamol 500 Mg 20 Pack,$6.00,$0.30 / 1EA
Vege Chips Multi 12 Pack 250g,$8.00,$3.20 / 100G
Woolworths Sesame Seeds 100g,$1.10,$11.00 / 1KG
Macro Black Chia Seeds 350g,$6.40,$1.83 / 100G
Woolworths Cashews Roasted & Salted 750g Pack,$10.00,$13.33 / 1KG
Woolworths Almonds Kernels 750g Pack,$9.90,$13.20 / 1KG
Bosisto's Lavender Spray 125g,$10.00,$8.00 / 100G
Funday Natural Sweets Sour Cola Flavoured Bottles 50g,$3.50,$7.00 / 100G
Ceres Organics Coconut Aminos Seasoning 250ml,$9.00,$3.60 / 100ML
Bc Snacks Honeycomb Chocolate Crunch High Protein Bar 40g,$3.50,$8.75 / 100G
Koja Dark Choc Chip Oat Bar 60g,$3.00,$5.00 / 100G
Macro Organic Coconut Flour 400g,$4.00,$1.00 / 100G
"Musashi Deluxe Protein Bar Peanut Crunch, Low Sugar, 60g",$3.50,$5.83 / 100G
Nurofen Pain And Inflammation Relief Caplets 200mg Ibuprofen 24 Pack,$6.50,$0.27 / 1EA
Advil Tablets 200mg Ibuprofen Pain & Fever Relief 24 Pack,$4.50,$0.19 / 1EA
Blackmores Vitamin B12 Energy Support Tablets 75 Pack,$14.50,$14.50 / 1EA
Ceres Organics Brown Rice Crackers Sour Cream & Chives 115g,$3.80,$3.30 / 100G
Elastoplast Hand Tearable Classic Fixation Tape For Dressings & Wounds 5m Each,$7.50,$7.50 / 1EA
Rescue Remedy Natural Stress Relief Sugar & Alcohol Free Pastilles 50g,$11.05,$22.10 / 100G
Well Naturally 99% Sugar Free Raspberry Jellies 90g,$5.00,$5.56 / 100G
Swisse Beauty Collagen Glow Powder 120g,$32.00,$26.67 / 100G
Nature's Way Magnesium Vita Gummies 80 Pack,$23.00,$28.75 / 100EA
Woolworths Cashew Roasted & Salted Snack Pots 180g,$7.00,$38.89 / 1KG
Hydralyte Effervescent Electrolyte Tablets Apple Blackcurrant 10 Pack,$8.70,$0.87 / 1EA
Swisse Ultiboost Vitamin D Gummies 60 Pack,$13.25,$22.08 / 100EA
Centrum Advance 50+ Daily Multivitamin Supplements 120 Pack,$27.00,$22.50 / 100EA
Swisse Ultiboost Mega B+ Tablets 60 Pack,$44.00,$73.33 / 100EA
Woolworths Cashew 400g,$9.00,$22.50 / 1KG
Swisspers Cotton Tips 240 Pack,$4.80,$2.00 / 100EA
Macro Organic Corn Chips Natural 200g,$3.30,$1.65 / 100G
Panadol Rapid For Pain Relief Paracetamol 500 Mg 20 Pack,$6.00,$0.30 / 1EA
Vege Chips Multi 12 Pack 250g,$8.00,$3.20 / 100G
Woolworths Sesame Seeds 100g,$1.10,$11.00 / 1KG
Macro Black Chia Seeds 350g,$6.40,$1.83 / 100G
Woolworths Cashews Roasted & Salted 750g Pack,$10.00,$13.33 / 1KG
Woolworths Almonds Kernels 750g Pack,$9.90,$13.20 / 1KG
Aspro Clear Extra Strength Pain Relief Soluble Tablets 16 Pack,$7.50,$0.47 / 1EA
Bc Snacks Salted Caramel Fudge High Protein Bar 40g,$3.50,$8.75 / 100G
Bodiez Protein Water Powder Mixed Berry 290g,$28.00,$9.66 / 100G
Gullon Sugar Free Digestives Chocolate Each,$5.60,$2.07 / 100G
Orgran Gluten Free Garden Veggie Puffs Tomato & Herb 90g,$3.50,$3.89 / 100G
Quick-eze Chewy Forest Berry Antacid Tablets 8ea,$3.00,$0.38 / 1EA
Nature's Way Vita Gummies Vitamin D 120 Pack,$23.00,$19.17 / 100EA
Anusol Haemorrhoidal Suppositories 12 Pack,$9.70,$0.81 / 1EA
Loving Earth Hazelnut Chocolate 80g,$6.90,$8.63 / 100G
Loving Earth Salted Caramel Chocolate 80g,$6.90,$8.63 / 100G
Swisse Ultiboost Iron + Probiotic Capsules 30 Pack,$12.00,$0.40 / 1EA
Woolworths Free From Gluten Banana Bread 400g,$3.40,$0.85 / 100G
Herbamare Sauce Seasoning Herb Salt 250g,$6.40,$2.56 / 100G
Blackmores Fish Oil 1000mg Omega-3 Capsules 400 Pack,$40.00,$10.00 / 100EA
Aroma Juice 99.9% Aloe Vera 1l,$12.40,$12.40 / 1L
Blackmores Vitamin E 1000iu Cholesterol Health Capsules 30 Pack,$18.00,$60.00 / 100EA
Iron Melts Chewable Tablet 50 Pack,$9.00,$18.00 / 100EA
Hydralyte Effervescent Electrolyte Tablets Kiwi Strawberry 10 Pack,$8.70,$0.87 / 1EA
Nature's Own Fish Oil Odourless 1500mg With Omega 3 200 Pack,$25.80,$12.90 / 100EA
Band-aid Fabric Strips Fabric 50 Pack,$5.00,$0.10 / 1EA
Keep It Cleaner Protein Indulge Bar Choc Peanut 40g,$3.50,$8.75 / 100G
Nature's Way Kids Omega-3 Fish Oil Smart Trio 60 Capsules,$21.49,$35.82 / 100EA
Swisse Ultiboost Magnesium + Sleep Powder 180g,$43.50,$24.17 / 100G
Swisspers Cotton Tips 240 Pack,$4.80,$2.00 / 100EA
Macro Organic Corn Chips Natural 200g,$3.30,$1.65 / 100G
Panadol Rapid For Pain Relief Paracetamol 500 Mg 20 Pack,$6.00,$0.30 / 1EA
Vege Chips Multi 12 Pack 250g,$8.00,$3.20 / 100G
Woolworths Sesame Seeds 100g,$1.10,$11.00 / 1KG
Macro Black Chia Seeds 350g,$6.40,$1.83 / 100G
Woolworths Cashews Roasted & Salted 750g Pack,$10.00,$13.33 / 1KG
Woolworths Almonds Kernels 750g Pack,$9.90,$13.20 / 1KG
Swisspers Cotton Tips 240 Pack,$4.80,$2.00 / 100EA
Macro Organic Corn Chips Natural 200g,$3.30,$1.65 / 100G
Panadol Rapid For Pain Relief Paracetamol 500 Mg 20 Pack,$6.00,$0.30 / 1EA
Vege Chips Multi 12 Pack 250g,$8.00,$3.20 / 100G
Woolworths Sesame Seeds 100g,$1.10,$11.00 / 1KG
Macro Black Chia Seeds 350g,$6.40,$1.83 / 100G
Woolworths Cashews Roasted & Salted 750g Pack,$10.00,$13.33 / 1KG
Woolworths Almonds Kernels 750g Pack,$9.90,$13.20 / 1KG
Vicks Vaposhower Tablets 3 Pack,$9.90,$3.30 / 1EA
Braggs Apple Cider Vinegar 946ml,$19.00,$2.01 / 100ML
Nature's Way Protein Powder Chocolate 375g,$22.50,$6.00 / 100G
Gastro-stop Capsules 8 Pack,$9.00,$1.13 / 1EA
Blackmores Odourless Fish Oil 1000mg Omega-3 Mini Capsules 200 Pack,$27.00,$13.50 / 100EA
Macro Organic Toasted Coconut Flakes With Sea Salt 140g,$3.80,$2.71 / 100G
Macro Pistachio Kernels 250g,$15.00,$60.00 / 1KG
Woolworths Tropical Dried Fruit Snack Mix 400g,$5.50,$13.75 / 1KG
Berocca Vitamin B & C Orange Flavour Energy 15 Pack,$11.00,$73.33 / 100EA
Keep It Cleaner Protein Powder Vanilla 375g,$33.00,$8.80 / 100G
Blackmores Vitamin D3 1000iu Bone Health Immunity Capsules 60 Pack,$11.00,$18.33 / 100EA
Nature's Way Vitagummies For Adults Daily Fibre 110 Pack,$23.00,$20.91 / 100EA
Olina's Gluten Free Just Sprouted Pepita Seed Crackers 100g,$6.00,$6.00 / 100G
Well Naturally Milk Choc Almonds 80g,$5.50,$6.88 / 100G
Voost Energy Effervescent Tablets Raspberry 20 Pack,$11.00,$55.00 / 100EA
Messy Monkeys Wholegrain Bites Cheese 6 Pack,$4.50,$3.75 / 100G
Bounce Natural Energy Ball Coconut Macadamia Protein 40g,$3.50,$8.75 / 100G
Difflam Plus Sore Throat Lozenges Blackcurrant Anaesthetic 16 Pack,$8.00,$0.50 / 1EA
Macro Almond Meal 400g,$10.00,$25.00 / 1KG
Nature's Way Magnesium Tablets 150 Pack,$22.50,$15.00 / 100EA
Health Lab Whyte Cara-more Caramel Filled Ball 4 Pack,$12.00,$7.50 / 100G
Woolworths Free From Gluten Waffle Cones 12 Pack,$4.50,$3.41 / 100G
Blackmores Milk Thistle Liver Health Tablets 42 Pack,$18.00,$42.86 / 100EA
Swisspers Cotton Tips 240 Pack,$4.80,$2.00 / 100EA
Macro Organic Corn Chips Natural 200g,$3.30,$1.65 / 100G
Panadol Rapid For Pain Relief Paracetamol 500 Mg 20 Pack,$6.00,$0.30 / 1EA
Vege Chips Multi 12 Pack 250g,$8.00,$3.20 / 100G
Woolworths Sesame Seeds 100g,$1.10,$11.00 / 1KG
Macro Black Chia Seeds 350g,$6.40,$1.83 / 100G
Woolworths Cashews Roasted & Salted 750g Pack,$10.00,$13.33 / 1KG
Woolworths Almonds Kernels 750g Pack,$9.90,$13.20 / 1KG
Munchme Almond Blueberry 120g,$6.75,$5.63 / 100G
Swisse Ultiboost Vitamin D Capsules 400 Pack,$19.50,$4.88 / 100EA
Well Naturally No Sugar Added Chocolate Honeycomb 90g,$5.50,$6.11 / 100G
Vicks Vaporub Extra Strong Ointment 100g,$18.50,$18.50 / 100G
Go Natural Bars Yoghurt Coated Almond & Apricot 40g,$1.80,$4.50 / 100G
Band-aid Waterproof Tough Strips Extra Large 10 Pack,$4.95,$0.50 / 1EA
Vitawerx Puff'd Protein Crisps Milk Choc 60g,$6.50,$10.83 / 100G
Difflam Plus Anaesthetic Sore Throat Lozenges Honey & Lemon 32 Pack,$15.00,$0.47 / 1EA
Karma Bites Popped Lotus Seeds Peri Peri 25g,$3.00,$12.00 / 100G
Macro Date Syrup 400g,$6.20,$1.55 / 100G
Nature's Way Beauty Collagen Gummies 40 Pack,$22.00,$55.00 / 100EA
Betty Crocker Chocolate Fudge Gluten Free Brownie Mix 450g,$8.00,$1.78 / 100G
Lowan Cocoa Bombs 300g,$2.70,$0.90 / 100G
Dreambaby Flexible Rapid Response Clinical Thermometer,$20.00,$20.00 / 1EA
Macro Natural Cashew Spread 250g,$5.70,$2.28 / 100G
D3 Waterproof Kinesiology Tape 6m Each,$15.00,$15.00 / 1EA
Isocol Antiseptic Rub 345ml,$11.50,$3.33 / 100ML
Woolworths Free From Gluten Original Crackers 160g,$4.20,$2.63 / 100G
Renovatio An Apple A Day Activated Phenolics Antioxidants 30 Tablets,$29.00,$96.67 / 100EA
Herron Gold Paracetamol Tabsules 20 Pack,$4.00,$0.20 / 1EA
Macro Cashew Kernels 250g,$6.30,$25.20 / 1KG
Renovatio Original Activated Phenolics Powder 150g,$35.00,$23.33 / 100G
Ceres Organics Gherkins 670g,$7.00,$1.04 / 100G
Swisspers Cotton Tips 240 Pack,$4.80,$2.00 / 100EA
Macro Organic Corn Chips Natural 200g,$3.30,$1.65 / 100G
Panadol Rapid For Pain Relief Paracetamol 500 Mg 20 Pack,$6.00,$0.30 / 1EA
Vege Chips Multi 12 Pack 250g,$8.00,$3.20 / 100G
Woolworths Sesame Seeds 100g,$1.10,$11.00 / 1KG
Macro Black Chia Seeds 350g,$6.40,$1.83 / 100G
Woolworths Cashews Roasted & Salted 750g Pack,$10.00,$13.33 / 1KG
Woolworths Almonds Kernels 750g Pack,$9.90,$13.20 / 1KG
Elastoplast Water Resistant Plastic Plasters Assorted 40 Pack,$3.90,$0.10 / 1EA
Pb2 Powdered Peanut Butter 184g,$10.00,$5.43 / 100G
Bsc Body Science High Protein Low Carb Bar Cookie Dough 60g,$4.50,$7.50 / 100G
Health Lab Custard Filled Balls Birthday Cake 4 Pack,$12.00,$7.50 / 100G
Mamee Monster Rice Stick Chicken Flavour 200g,$7.50,$3.75 / 100G
Rescue Remedy Sleep Liquid Spray 20ml,$22.80,$114.00 / 100ML
Clif Bar Energy Bar Chocolate Chip 68g,$2.45,$3.60 / 100G
Elastoplast Sensitive Plasters For Kids With Animal Print 20 Pack,$4.00,
Koja Maple Oat Bar 60g,$3.00,$5.00 / 100G
Nature's Own Vitamin B3 500mg Vitamin B Tablets For Energy 60 Pack,$13.35,$22.25 / 100EA
Keep It Cleaner Collagen Choc Fudge Bar 40g,$1.75,$4.38 / 100G
Macro Dry Roasted Cashews Nuts 250g,$8.00,$32.00 / 1KG
Well Naturally No Sugar Added Almond Chip Bar 45g,$3.15,$7.00 / 100G
Nature's Way Magnesium Sleep Well With Kava 60 Pack,$27.50,$45.83 / 100EA
Swisse Ultiboost High Strength Magnesium Powder Orange 180g,$16.50,$9.17 / 100EA
Macro Organic Cacao Nibs Cacao Nibs 250g,$5.50,$2.20 / 100G
Well Naturally Bar Sugar Free Dark 90g,$5.50,$6.11 / 100G
Go Natural Bars Nut Delight 40g,$1.80,$4.50 / 100G
Betty Crocker Vanilla Gluten Free Cupcake Mix 460g,$8.00,$1.74 / 100G
Centrum Benefit Blend Collagen Boost With Copper Vitamin C & E 50 Pack,$30.00,$60.00 / 100EA
Bausch And Lomb Renu Fresh Multi-purpose Solution 500ml,$16.00,$4.51 / 100ML
Sup Fit Caffeine Energy Gummies Wild Berry Flavour 65 Pack,$20.00,$30.77 / 100EA
Woolworths Free From Gluten Brownie Mix 400g,$4.00,$1.00 / 100G
Swisspers Cotton Tips 240 Pack,$4.80,$2.00 / 100EA
Macro Organic Corn Chips Natural 200g,$3.30,$1.65 / 100G
Panadol Rapid For Pain Relief Paracetamol 500 Mg 20 Pack,$6.00,$0.30 / 1EA
Vege Chips Multi 12 Pack 250g,$8.00,$3.20 / 100G
Woolworths Sesame Seeds 100g,$1.10,$11.00 / 1KG
Macro Black Chia Seeds 350g,$6.40,$1.83 / 100G
Woolworths Cashews Roasted & Salted 750g Pack,$10.00,$13.33 / 1KG
Woolworths Almonds Kernels 750g Pack,$9.90,$13.20 / 1KG
Clif Bar Energy Bar White Chocolate Macadamia 68g,$2.45,$3.60 / 100G
Orgran Gluten Free Crispbread Sweet Potato & Pumpkin 125g,$3.60,$2.88 / 100G
Nature's Way Vitagummies Mens Multivitamin 100 Pack,$23.00,$23.00 / 100EA
Swisse Beauty Hair Skin Nails+ Tablets 100 Pack,$37.00,$37.00 / 100EA
Blackmores Bio C 500mg Chewable Vitamin C Immune Support Tablets 125 Pack,$19.00,$15.20 / 100EA
Cenovis Iron Plus Tablets For Women's Health 80 Pack,$14.75,$18.44 / 100EA
Woolworths Honey Macadamia 120g,$7.00,$58.33 / 1KG
All Natural Bakery Bars Macadamia & Apricot Oat Slice 100g,$2.60,$2.60 / 100G
Blackmores Probiotics+ Daily Health Gut Health Vitamin Capsules 30 Pack,$31.00,$103.33 / 100EA
Tiger Balm Red Extra Strength 18g,$9.00,$50.00 / 100G
Vicks Vapodrops Xtra Strong Lemon Menthol Blast 16 Pack,$8.50,$0.53 / 1EA
Band-aid Plastic Strips 100 Pack,$8.50,$0.09 / 1EA
Greenback Plant Based Salted Caramel Protein Bar 50g,$4.20,$8.40 / 100G
Nivea Lip Care Watermelon Shine Lip Balm For Dry Lips 4.8g,$3.00,$6.25 / 10G
Munchme Roasted Almond Cashew 120g,$6.75,$5.63 / 100G
Orgran Gluten Free Porridge Berry Sachets 210g,$6.00,$2.86 / 100G
"Nature's Own Calcium, Magnesium & Vitamin D Tablets For Bone Health 120 Pack",$20.20,$16.83 / 100EA
Blackmores Fish Oil 1000mg Omega-3 Capsules 200 Pack,$24.00,$12.00 / 100EA
Elastoplast Sensitive Assorted White Plasters For Wound Protection 40 Pack,$6.00,$0.15 / 1EA
Fodmapped Chicken Lemon & Thyme Risotto 500g,$8.90,$1.78 / 100G
Frooze Balls Raspberry Dark Choc Vegan Energy Balls 210g,$6.80,$3.24 / 100G
Blackmores Multivitamin For Women Sustained Release Tablets 60 Pack,$26.00,$43.33 / 100EA
Swisspers Cotton Tips 240 Pack,$4.80,$2.00 / 100EA
Macro Organic Corn Chips Natural 200g,$3.30,$1.65 / 100G
Panadol Rapid For Pain Relief Paracetamol 500 Mg 20 Pack,$6.00,$0.30 / 1EA
Vege Chips Multi 12 Pack 250g,$8.00,$3.20 / 100G
Woolworths Sesame Seeds 100g,$1.10,$11.00 / 1KG
Macro Black Chia Seeds 350g,$6.40,$1.83 / 100G
Woolworths Cashews Roasted & Salted 750g Pack,$10.00,$13.33 / 1KG
Woolworths Almonds Kernels 750g Pack,$9.90,$13.20 / 1KG
Essentials Plastic Strips 100 Pack,$2.00,$0.02 / 1EA
Go Natural Bars Macadamia Dream 50g,$3.00,$6.00 / 100G
Betty Crocker Devils Food Gluten Free Cake Mix 550g,$8.00,$1.45 / 100G
Centrum Men 50+ Daily Multivitamin Supplements 60 Pack,$21.99,$36.65 / 100EA
Greenback Plant Based Hazelnut Protein Bar 50g,$4.20,$8.40 / 100G
Macro Falafel Mix 200g,$4.00,$2.00 / 100G
Musashi Deluxe Protein Bar Jam Donut 60g,$3.50,$5.83 / 100G
Health Lab Peanut Butter Envy Nut Butter Filled Ball 40g,$2.00,$5.00 / 100G
Macro Dry Roasted Almonds 250g,$7.50,$30.00 / 1KG
Help@hand Chest Rub 100g,$4.00,$4.00 / 100G
Keep It Cleaner Protein Ball Cinnamon Doughnut 32g,$2.40,$7.50 / 100G
Well Naturally No Sugar Added Milk Choc Bar 45g,$3.15,$7.00 / 100G
Woolworths Mixed Nuts Roasted & Salted 750g Pack,$12.00,$16.00 / 1KG
Bounce Cashew Caramel Energy Ball 40g,$3.50,$8.75 / 100G
Help@hand Sore Throat Spray Forte 15ml,$12.00,$80.00 / 100ML
Macro Australian Pecans 250g,$10.00,$40.00 / 1KG
"Musashi Crisp Protein Bar Dark Chocolate Mint, Low Sugar, 60g",$3.50,$5.83 / 100G
Bsc Body Science High Protein Low Carb Mousse Bar Cookies & Cream 55g,$4.50,$8.18 / 100G
Nature's Own Garlic Vitamin C + Horseradish Triple Strength Tablets 60 Pack,$21.90,$36.50 / 100EA
Clif Bar Crunchy Peanut Butter 68g,$2.45,$3.60 / 100G
Macro Brazil Nuts 250g,$9.50,$38.00 / 1KG
Macro Raw Nibble Mix 500g,$7.00,$1.40 / 100G
Munchme Roasted Almond 120g,$6.75,$5.63 / 100G
Nature's Way Restore Daily Probiotic Chocballs 60 Pack,$22.50,$37.50 / 100EA
Swisspers Cotton Tips 240 Pack,$4.80,$2.00 / 100EA
Macro Organic Corn Chips Natural 200g,$3.30,$1.65 / 100G
Panadol Rapid For Pain Relief Paracetamol 500 Mg 20 Pack,$6.00,$0.30 / 1EA
Vege Chips Multi 12 Pack 250g,$8.00,$3.20 / 100G
Woolworths Sesame Seeds 100g,$1.10,$11.00 / 1KG
Macro Black Chia Seeds 350g,$6.40,$1.83 / 100G
Woolworths Cashews Roasted & Salted 750g Pack,$10.00,$13.33 / 1KG
Woolworths Almonds Kernels 750g Pack,$9.90,$13.20 / 1KG
Swisspers Cotton Tips 240 Pack,$4.80,$2.00 / 100EA
Macro Organic Corn Chips Natural 200g,$3.30,$1.65 / 100G
Panadol Rapid For Pain Relief Paracetamol 500 Mg 20 Pack,$6.00,$0.30 / 1EA
Vege Chips Multi 12 Pack 250g,$8.00,$3.20 / 100G
Woolworths Sesame Seeds 100g,$1.10,$11.00 / 1KG
Macro Black Chia Seeds 350g,$6.40,$1.83 / 100G
Woolworths Cashews Roasted & Salted 750g Pack,$10.00,$13.33 / 1KG
Woolworths Almonds Kernels 750g Pack,$9.90,$13.20 / 1KG
Swisspers Cotton Tips 240 Pack,$4.80,$2.00 / 100EA
Macro Organic Corn Chips Natural 200g,$3.30,$1.65 / 100G
Panadol Rapid For Pain Relief Paracetamol 500 Mg 20 Pack,$6.00,$0.30 / 1EA
Vege Chips Multi 12 Pack 250g,$8.00,$3.20 / 100G
Woolworths Sesame Seeds 100g,$1.10,$11.00 / 1KG
Macro Black Chia Seeds 350g,$6.40,$1.83 / 100G
Woolworths Cashews Roasted & Salted 750g Pack,$10.00,$13.33 / 1KG
Woolworths Almonds Kernels 750g Pack,$9.90,$13.20 / 1KG
Swisspers Cotton Tips 240 Pack,$4.80,$2.00 / 100EA
Macro Organic Corn Chips Natural 200g,$3.30,$1.65 / 100G
Panadol Rapid For Pain Relief Paracetamol 500 Mg 20 Pack,$6.00,$0.30 / 1EA
Vege Chips Multi 12 Pack 250g,$8.00,$3.20 / 100G
Woolworths Sesame Seeds 100g,$1.10,$11.00 / 1KG
Macro Black Chia Seeds 350g,$6.40,$1.83 / 100G
Woolworths Cashews Roasted & Salted 750g Pack,$10.00,$13.33 / 1KG
Woolworths Almonds Kernels 750g Pack,$9.90,$13.20 / 1KG
Cenovis Mega Vitamin B Tablets With B3 B6 B12 + Biotin For Energy 200 Pack,$17.50,$8.75 / 100EA
Ceres Organic Brown Rice Crackers Smokey Bbq 115g,$3.80,$3.30 / 100G
Pico Organic Vegan Chocolate Sea Salt 80g,$5.60,$7.00 / 100G
Well Naturally No Sugar Added Chocolate Salted Caramel 90g,$5.50,$6.11 / 100G
Macro Cacao Crunch Toppers 150g,$4.00,$2.67 / 100G
Woolworths Almonds Oven Roasted 225g,$7.00,$31.11 / 1KG
Go Natural Choc Salted Caramel Bar 40g,$1.80,$4.50 / 100G
Messy Monkeys Gluten Free Lunchbox Loops Choc Shake Flavour 6 Pack,$4.50,$4.17 / 100G
Nature's Way Restore Probiotic Daily Health & Prebiotic 90 Pack,$50.00,$55.56 / 100EA
Well Naturally No Sugar Added Chocolate Hazelnut 90g,$5.50,$6.11 / 100G
Frooze Balls Choc Hazelnut 210g,$6.80,$3.24 / 100G
Help@hand Alcohol Wipes 50 Pack,$2.50,$0.05 / 1EA
Herron Nicaway Stop Smoking Peppermint Lozenges 4mg 72 Pack,$22.00,$30.56 / 100EA
Cenovis St John's Wort Tablets For Healthy Mood Balance 60 Pack,$15.85,$26.42 / 100EA
Cenovis Vitamin B Complex With B3 B6 + B12 For Energy 150 Pack,$14.85,$9.90 / 100EA
Rapid Loss Chocolate Flavour Meal Replacement Shake 740g,$31.50,$4.26 / 100G
Hydralyte Effervescent Electrolyte Tablets Apple Blackcurrant 40 Pack,$24.40,$0.61 / 1EA
Swisse Ultivite Men's 50+ Multivitamin Tablets 90 Pack,$64.00,$71.11 / 100EA
Bosisto's Eucalyptus Drops Sugar Free 50g,$3.30,$6.60 / 100G
Harvest Box Crispy Chickpea Chips Salt & Vinegar 5 Pack,$4.80,$3.84 / 100G
Macro Hemp Seed Protein Powder Protein Powder 200g,$8.00,$4.00 / 100G
Something To Crow About Pea Crisps Dill & Pickle 100g,$4.50,$4.50 / 100G
Swisse Ultiboost Magnesium Gummies 60 Pack,$13.25,$22.08 / 100EA
Swisspers Cotton Tips 240 Pack,$4.80,$2.00 / 100EA
Macro Organic Corn Chips Natural 200g,$3.30,$1.65 / 100G
Panadol Rapid For Pain Relief Paracetamol 500 Mg 20 Pack,$6.00,$0.30 / 1EA
Vege Chips Multi 12 Pack 250g,$8.00,$3.20 / 100G
Woolworths Sesame Seeds 100g,$1.10,$11.00 / 1KG
Macro Black Chia Seeds 350g,$6.40,$1.83 / 100G
Woolworths Cashews Roasted & Salted 750g Pack,$10.00,$13.33 / 1KG
Woolworths Almonds Kernels 750g Pack,$9.90,$13.20 / 1KG
Aussie Bodies Lo Carb Protein Bar Salted Caramel Fudge 4x30g,$10.00,$8.33 / 100G
Panadol Childrens Chewable Tablets Cherry Flavour 12 Pack,$6.00,$0.50 / 1EA
Metamucil Orange Smooth Fibre Powder 72 Doses 425g,$29.90,$7.04 / 100G
Simply Wize Napolitana Pasta Sauce 500g,$5.80,$1.16 / 100G
Freedom Active Balance Cranberry & Buckwheat Cereal 400g,$7.50,$1.88 / 100G
Berocca Vitamin B & C Original Berry Flavour Energy 15 Pack,$11.00,$73.33 / 100EA
Gullon Biscuits Digestive Plain 400g,$5.90,$1.48 / 100G
Atkins Low Carb Crispbread 100g,$4.40,$4.40 / 100G
Bc Snacks Chocolate Brownie Espresso Energy Bar 40g,$3.50,$8.75 / 100G
Bach Remedy Stress Relief Pastill Blackcurrant 50g,$11.05,$22.10 / 100G
Blackmores Omega Triple High Strength Fish Oil Capsules 60 Pack,$31.00,$51.67 / 100EA
Mylanta 2go Antacids Double Strength Tabs 48 Pack,$14.50,$0.30 / 1EA
Bc Snacks Salted Caramel & Chocolate Crunch High Protein Bar 40g,$3.50,$8.75 / 100G
Blackmores Pregnancy & Breastfeeding Gold Vitamin Capsules 120 Pack,$45.00,$37.50 / 100EA
Macro Almond Kernels 500g,$13.00,$26.00 / 1KG
Nature's Way Advanced Omega Triple Strength Fish Oil 60 Pack,$25.00,$41.67 / 100EA
Nurofen Zavance Fast Pain Relief Tablets 256mg Ibuprofen 12 Pack,$5.00,$0.42 / 1EA
Woolworths Snack Pot Super Berry Nut & Seed Mix 200g,$7.00,$35.00 / 1KG
Claratyne Hayfever Allergy Relief Antihistamine Tablets 10 Pack,$12.25,$1.23 / 1EA
Swisse Probiotic & Prebiotic Gummies 45 Pack,$10.25,$22.78 / 100EA
"Woolworths Snack Pot Cashew, Almond & Pecan Mix 200g",$7.00,$38.89 / 1KG
Help@hand Fabric Adhesive Strips 50 Pack,$2.20,$4.40 / 100EA
The Lady Bar Chunky Choc 50g,$4.50,$9.00 / 100G
Woolworths Orchard Dried Fruit Blend Snack Pot 200g,$7.00,$35.00 / 1KG
Swisspers Cotton Tips 240 Pack,$4.80,$2.00 / 100EA
Macro Organic Corn Chips Natural 200g,$3.30,$1.65 / 100G
Panadol Rapid For Pain Relief Paracetamol 500 Mg 20 Pack,$6.00,$0.30 / 1EA
Vege Chips Multi 12 Pack 250g,$8.00,$3.20 / 100G
Woolworths Sesame Seeds 100g,$1.10,$11.00 / 1KG
Macro Black Chia Seeds 350g,$6.40,$1.83 / 100G
Woolworths Cashews Roasted & Salted 750g Pack,$10.00,$13.33 / 1KG
Woolworths Almonds Kernels 750g Pack,$9.90,$13.20 / 1KG
Swisspers Cotton Tips 240 Pack,$4.80,$2.00 / 100EA
Macro Organic Corn Chips Natural 200g,$3.30,$1.65 / 100G
Panadol Rapid For Pain Relief Paracetamol 500 Mg 20 Pack,$6.00,$0.30 / 1EA
Vege Chips Multi 12 Pack 250g,$8.00,$3.20 / 100G
Woolworths Sesame Seeds 100g,$1.10,$11.00 / 1KG
Macro Black Chia Seeds 350g,$6.40,$1.83 / 100G
Woolworths Cashews Roasted & Salted 750g Pack,$10.00,$13.33 / 1KG
Woolworths Almonds Kernels 750g Pack,$9.90,$13.20 / 1KG
Winners Sports Nutrition Energy Gel Lemon & Lime 160g,$8.50,$5.31 / 100G
Grenade Carb Killa High Protein Bar Caramel Chaos 60g,$4.80,$8.00 / 100G
Health Lab Charlotte's Fix Caramel Choc Bars Plant Based Gluten Free 160g,$12.00,$7.50 / 100G
The Lady Bar Choc Hazelnut 50g,$4.50,$9.00 / 100G
Tom & Luke Fruit & Nut Snackballs Peanut Butter & Cacao 396g,$12.00,$3.03 / 100G
Frooze Balls Caramel Choc Peanut Butter 210g,$6.80,$3.24 / 100G
Laxettes Senna Chocolate Squares Laxatives 24 Pack,$4.80,$0.20 / 1EA
Nyal Ibuprofen Tablets 24 Pack,$4.80,$0.20 / 1EA
Green's Gluten Free Golden Butter Cake Mix 470g,$5.00,$1.06 / 100G
Hydralyte Lemon Lime Effervescent Tablets 10 Pack,$8.70,$0.87 / 1EA
Manuka Health Mgo 400+ Manuka Honey Drops Lemon 65g,$10.69,$16.45 / 100G
Quest Protein Bars Cookies & Cream 4 Pack,$14.50,
Woolworths Cashew Roasted Snack Pots 180g,$7.00,$38.89 / 1KG
Deliciou Plant Based Chicken 140g,$9.00,$6.43 / 100G
Nurofen Zavance Fast Pain Relief Caplets 256mg Ibuprofen 12 Pack,$5.00,$0.42 / 1EA
Woolworths Cacao Almond Mix 400g,$6.00,$15.00 / 1KG
Elastoplast Water Resistant Plastic Plasters Assorted 40 Pack,$4.55,$0.11 / 1EA
Macro Fruit & Nut Roasted Mix 500g,$10.00,$20.00 / 1KG
"Musashi Wafer Protein Bar Cookies & Cream, Bcaas, 40g",$3.20,$8.00 / 100G
Nature's Own Cold Sore Relief Double Strength For Immune Support 50 Pack,$13.30,$26.60 / 100EA
Well Naturally Bar Fruit & Nut 90g,$5.50,$6.11 / 100G
Advil Liquid Capsules Ibuprofen Pain & Fever Relief 20 Pack,$5.75,$0.29 / 1EA
Nature's Way Kids Smart Iron Chewable Tablets 50 Pack,$16.50,$33.00 / 100EA
The Lady Bar Choc Berry 50g,$4.50,$9.00 / 100G
Swisspers Cotton Tips 240 Pack,$4.80,$2.00 / 100EA
Macro Organic Corn Chips Natural 200g,$3.30,$1.65 / 100G
Panadol Rapid For Pain Relief Paracetamol 500 Mg 20 Pack,$6.00,$0.30 / 1EA
Vege Chips Multi 12 Pack 250g,$8.00,$3.20 / 100G
Woolworths Sesame Seeds 100g,$1.10,$11.00 / 1KG
Macro Black Chia Seeds 350g,$6.40,$1.83 / 100G
Woolworths Cashews Roasted & Salted 750g Pack,$10.00,$13.33 / 1KG
Woolworths Almonds Kernels 750g Pack,$9.90,$13.20 / 1KG
Well Naturally No Sugar Added Milk Choc Coconut 90g,$5.50,$6.11 / 100G
Bc Snacks Berry Coconut Protein And Collagen Nourish Ball 40g,$3.50,$8.75 / 100G
Blackmores Curcumin One-a-day Inflammation Vitamin Capsules 30 Pack,$26.00,$86.67 / 100EA
Bounce Natural Energy Ball Peanut 49g,$3.50,$7.14 / 100G
Ceres Organics Banana Blossom 400g,$3.50,$0.88 / 100G
Loving Earth 72% Dark Chocolate 80g,$6.90,$8.63 / 100G
Noway Collagen Marshmallow Bar Vanilla 45g,$4.95,$11.00 / 100G
Orgran Gluten Free Porridge Quinoa 500g,$8.00,$1.60 / 100G
Ostelin Calcium & Vitamin D Chewable D3 Tablets Bones + Immunity 60 Pack,$17.55,$29.25 / 100EA
Ostelin Calcium & Vitamin D Tablets With D3 For Bones + Immunity 60 Pack,$17.45,$29.08 / 100EA
The Man Bar Chunky Choc 50g,$4.50,$9.00 / 100G
Panadol Rapid For Pain Relief Paracetamol 500 Mg 10 Pack,$3.40,$0.34 / 1EA
Nature's Way True Odourless High Strength Fish Oil 1500mg 400 Pack,$44.00,$11.00 / 100EA
Olina's Gluten Free Fig & Almond Crackers 100g,$5.00,$5.00 / 100G
Vicks Vapodrops Xtra Strong Lemon Ment Blast Lozenges 36 Pack,$13.50,$0.38 / 1EA
Bsc Body Science Collagen Protein Water Strawberry Lime 350g,$35.00,$10.00 / 100G
Cenovis Magnesium Tablets Muscle Health Supplement 120 Pack,$20.20,$16.83 / 100EA
Macro Cacao Craze Almonds 150g,$4.50,$3.00 / 100G
Codral Cold & Flu Tablets 20 Pack,$14.40,$0.72 / 1EA
Cenovis Women's Multivitamin Capsules Multi Vitamin For Energy 100 Pack,$29.00,$29.00 / 100EA
Macro Organic Brewers Yeast Cookies Oat & Honey 210g,$9.25,$4.40 / 100G
Musashi Protein Slab Milk Chocolate 58g,$4.00,$6.90 / 100G
Aussie Bodies Keto Bar Choc Hazelnut Wafer 35g,$3.20,$9.14 / 100G
Rapid Loss Vanilla Flavour Meal Replacement Shake 740g,$31.50,$4.26 / 100G
Swisspers Cotton Tips 240 Pack,$4.80,$2.00 / 100EA
Macro Organic Corn Chips Natural 200g,$3.30,$1.65 / 100G
Panadol Rapid For Pain Relief Paracetamol 500 Mg 20 Pack,$6.00,$0.30 / 1EA
Vege Chips Multi 12 Pack 250g,$8.00,$3.20 / 100G
Woolworths Sesame Seeds 100g,$1.10,$11.00 / 1KG
Macro Black Chia Seeds 350g,$6.40,$1.83 / 100G
Woolworths Cashews Roasted & Salted 750g Pack,$10.00,$13.33 / 1KG
Woolworths Almonds Kernels 750g Pack,$9.90,$13.20 / 1KG
Caltrate 1000iu Bone And Muscle Health Tablets 60 Pack,$14.49,$24.15 / 100EA
Nomo No Missing Out Creamy Chocolate Bar 38g,$2.50,$6.58 / 100G
Macro Maca Powder 150g,$4.50,$3.00 / 100G
Blackmores Bio Iron Advanced Energy Support Tablets 30 Pack,$20.00,$0.67 / 1EA
Frooze Balls Peanut Butter & Jelly 210g,$6.80,$3.24 / 100G
Mylanta Antacids 24 Pack,$8.00,$0.33 / 1EA
Naturopathica Fat Blaster Mocha Shake 430g,$22.00,$5.12 / 100G
Bc Snacks Peanut Butter Caramel Good Fats Bar 40g,$3.50,$8.75 / 100G
Band-aid Extra Wide Plastic Strips 40 Pack,$5.00,$0.13 / 1EA
Life Space Urogen Probiotic For Women Capsules 40 Pack,$32.00,$80.00 / 100EA
Vege Fusions Asian Vege Crisps 60g,$4.50,$7.50 / 100G
Band-aid Plastic Strips Assorted 50 Pack,$5.00,$0.10 / 1EA
Macro Golden Goodness Turmeric & Ginger Almonds 150g,$4.50,$3.00 / 100G
Orgran Gluten Free Garden Veggie Puffs Sweet Potato & Paprika 90g,$3.50,$3.89 / 100G
Atkins Endulge Caramel Nougat 35g,$3.40,$9.71 / 100G
Freedom Classic Corn Flakes Cereal 270g,$5.00,$1.85 / 100G
Nature's Way Vitamin B Energy Boost Tablets 200 Pack,$24.00,$12.00 / 100EA
Freedom Classic Maple Crunch Cereal 360g,$6.80,$1.89 / 100G
Pico Organic Vegan Chocolate Milk 80g,$5.60,$7.00 / 100G
Winners Sports Nutrition Energy Gel Berry Burst 4pk 40g,$8.50,$5.31 / 100G
Bsc Body Science High Protein Low Carb Bar Choc Mint 60g,$4.50,$7.50 / 100G
Elastoplast Aqua Protect Waterproof Plasters For Wound Protection 40 Pack,$6.00,$0.15 / 1EA
Benefiber Natural Fibre Supplement 155g,$12.00,$7.74 / 100G
Swisspers Cotton Tips 240 Pack,$4.80,$2.00 / 100EA
Macro Organic Corn Chips Natural 200g,$3.30,$1.65 / 100G
Panadol Rapid For Pain Relief Paracetamol 500 Mg 20 Pack,$6.00,$0.30 / 1EA
Vege Chips Multi 12 Pack 250g,$8.00,$3.20 / 100G
Woolworths Sesame Seeds 100g,$1.10,$11.00 / 1KG
Macro Black Chia Seeds 350g,$6.40,$1.83 / 100G
Woolworths Cashews Roasted & Salted 750g Pack,$10.00,$13.33 / 1KG
Woolworths Almonds Kernels 750g Pack,$9.90,$13.20 / 1KG
Help@hand Plastic Strip Latex Free 50 Pack,$1.50,$0.03 / 1EA
Nature's Way Immunity Defense Garlic & Horseradish Immune Support 200 Pack,$24.00,$12.00 / 100EA
Bc Snacks High Protein Bars Chocolate Brownie Crunch 4 Pack,$10.00,$6.25 / 100G
Nurofen Quickzorb Ibuprofen Lysine 342mg Caplets 24 Pack,$9.00,$0.38 / 1EA
Atkins Low Carb Protein Shake Creamy Vanilla 330ml,$4.50,$1.36 / 100ML
Deep Heat Extra  Strength Cream 100g,$7.00,$7.00 / 100G
Elastoplast Sensitive Xl Xxl 4xl Sterile Dressings For Post Op Wounds 5 Pack,$7.00,$7.00 / 1EA
Nyal Decongestant Nasal Spray 15ml,$8.00,$53.33 / 100ML
Well Naturally Bar Milk 90g,$5.50,$6.11 / 100G
Centrum Advance Daily Multivitamin Supplements 120 Pack,$27.00,$22.50 / 100EA
Herron Blue Ibuprofen Tabsules 25 Pack,$5.85,$0.23 / 1EA
Kez's Kitchen Gluten Free Choc Golden Snaps 150g,$7.70,$5.13 / 100G
Harvest Box Chickpea Crisp Chicken 5 Pack,$4.80,$3.84 / 100G
Movicol Lemon Lime Sachets 30 Pack,$19.50,$0.65 / 1EA
Go Healthy Selenium 150Mcg 1-A-Day Vegetarian Capsules 60 Capsules,$23.79,$39.65 / 100EA
De-gas Antacids Gas Capsules 24 Pack,$8.50,$0.35 / 1EA
Elastoplast Sensitive Plasters For Wound Protection Light Skin Tone 20 Pack,$4.00,$0.20 / 1EA
Nurofen Zavance Fast Pain Relief Liquid Capsules Ibuprofen 10 Pack,$5.00,$0.50 / 1EA
Berocca Vitamin B & C Guava Flavour With Guarana Energy 20 Pack,$14.80,$74.00 / 100EA
Elastoplast Disney® Marvel Avengers Kids Plasters For Small Wounds 20 Pack,$4.00,$4.00 / 1EA
Health Lab Whyte Neapolitan Chocolate Filled Balls 4 Pack,$12.00,$7.50 / 100G
Kez's Kitchen Gluten Free Choc Peanut Florentines 185g,$7.70,$4.16 / 100G
Swisspers Cotton Tips 240 Pack,$4.80,$2.00 / 100EA
Macro Organic Corn Chips Natural 200g,$3.30,$1.65 / 100G
Panadol Rapid For Pain Relief Paracetamol 500 Mg 20 Pack,$6.00,$0.30 / 1EA
Vege Chips Multi 12 Pack 250g,$8.00,$3.20 / 100G
Woolworths Sesame Seeds 100g,$1.10,$11.00 / 1KG
Macro Black Chia Seeds 350g,$6.40,$1.83 / 100G
Woolworths Cashews Roasted & Salted 750g Pack,$10.00,$13.33 / 1KG
Woolworths Almonds Kernels 750g Pack,$9.90,$13.20 / 1KG
Difflam Soothing Drops + Immune Support Honey & Lemon 20 Pack,$6.50,$0.33 / 1EA
Help@hand Waterproof Strips 20 Pack,$2.15,$0.11 / 1EA
Renovatio An Apple A Day Immunity Plus Tablets 30 Pack,$29.00,$0.97 / 1EA
Something To Crow About Pea Crisps Sea Salt & Balsamic Vinegar 100g,$4.50,$4.50 / 100G
Comvita Olive Leaf Extract High Strength Capsules 60 Pack,$23.00,$38.33 / 100EA
Imodium Diarrhoea Treatment 2mg Capsules 8 Pack,$11.00,$1.38 / 1EA
Macro Wholefoods Market Mini Multigrain Rice Cakes Vegan Chocolate 58g,$3.50,$6.03 / 100G
Metamucil Orange Smooth Fibre Powder Sachet 30 Pack,$13.90,$0.46 / 1EA
Bosisto's Sleep Oil 15ml,$17.00,$113.33 / 100ML
Ceres Organics Maple Syrup,$14.00,$5.60 / 100ML
Stop Itch Plus Antiseptic First Aid Itch Cream 50g,$9.00,$18.00 / 100G
Woolworths Cranberry & Nut Mix 200g,$7.00,$35.00 / 1KG
Blackmores Bio Magnesium Muscle Health Tablets 150 Pack,$40.00,$26.67 / 100EA
Ceres Organics Pea Chips Salt & Vinegar 100g,$5.00,$0.00 / 0G
Food For Health Fruit Free Clusters Chia & Cinnamon 425g,$8.00,$1.88 / 100G
Life-space Probiotic Powder For Children 40g,$32.00,$80.00 / 100G
"Musashi Chocolate Peanut Crisp Protein Bar, 4pk, 240g",$14.00,$5.83 / 100G
Swisse Beauty Collagen Glow Gummies Strawberry & Vanilla Flavour 45 Pack,$13.25,$29.44 / 100EA
Berocca Vitamin B & C Original Berry Flavour Energy 30 Pack,$14.00,$46.67 / 100EA
Elastoplast Skin Friendly Pre Taping Underwrap For Protection 10m Each,$13.50,$13.50 / 1EA
Macro Organic Toasted Coconut Clusters 140g,$4.00,$2.86 / 100G
Sambucol Cold & Flu + Pain Relief 24capsules,$19.95,$0.83 / 1EA
The Man Bar Choc Berry 50g,$4.50,$9.00 / 100G
2SAN COVID Rapid Antigen Test 5 Pack x 4,$70.00,$3.50 / 1EA
Swisspers Cotton Tips 240 Pack,$4.80,$2.00 / 100EA
Macro Organic Corn Chips Natural 200g,$3.30,$1.65 / 100G
Panadol Rapid For Pain Relief Paracetamol 500 Mg 20 Pack,$6.00,$0.30 / 1EA
Vege Chips Multi 12 Pack 250g,$8.00,$3.20 / 100G
Woolworths Sesame Seeds 100g,$1.10,$11.00 / 1KG
Macro Black Chia Seeds 350g,$6.40,$1.83 / 100G
Woolworths Cashews Roasted & Salted 750g Pack,$10.00,$13.33 / 1KG
Woolworths Almonds Kernels 750g Pack,$9.90,$13.20 / 1KG
Keep It Cleaner Protein Powder Chocolate 375g,$33.00,$8.80 / 100G
Orgran Gluten Free Garden Veggie Puffs Sweet Potato 6 Pack,$5.10,$4.25 / 100G
Blackmores Vitamin C + Elderberry Immune Support Gummies 120 Pack,$25.00,$20.83 / 100EA
Caltrate Bone & Muscle 50 Plus 100 Pack,$21.00,$21.00 / 100EA
Cenovis Men's Multivitamin Capsules + Performance Multi Vitamin 100 Pack,$32.80,$32.80 / 100EA
The Man Bar Choc Hazelnut 50g,$4.50,$9.00 / 100G
Atkins Endulge Bar Caramel Nut Multi Pack 5x34g,$15.00,$3.00 / 1EA
Bc Snacks Peanut Butter Chocchip Protein And Energy Nourish Ball 40g,$3.50,$8.75 / 100G
Metamucil Orange Smooth Fibre Powder 114 Doses 673g,$35.60,$5.29 / 100G
Nature's Way Kids Smart Vita Gummies Calm & Sleep 50 Pack,$20.00,$40.00 / 100EA
Vicks Vapo Drops + Immune Support Orange 16 Pack,$8.50,$0.53 / 1EA
Wakey Wakey Energy Caffeine Effervescent 20 Pack,$12.00,$60.00 / 100EA
Atkins Chocolate 330ml,$4.50,$1.36 / 100ML
Band-aid Waterproof Aquablock Sterile Strips 40 Pack,$5.35,$0.13 / 1EA
Aussie Bodies Collagen Wafer Vanilla Cream 34g,$3.20,
Blackmores Cranberry Forte 50000 Women's Health Vitamin Capsules 30 Pack,$24.00,$0.80 / 1EA
Karma Bites Popped Lotus Seeds Himalayan Pink Salt 25g,$3.00,$12.00 / 100G
Keep It Cleaner Collagen Crunch Peanut Butter Bar 40g,$3.50,$8.75 / 100G
Messy Monkeys Honey Joy Flavour Loops 108g,$4.50,$4.17 / 100G
Lemsip Max Cold & Flu Hot Drink Lemon Lemon 10 Pack,$13.00,$1.30 / 1EA
Sun Health Bars Macadamia & Honey 35g,$2.30,$6.57 / 100G
Bc Snacks Choc Hazelnut Protein And Fibre  Nourish Ball 40g,$3.50,$8.75 / 100G
Blackmores B12 Rapi-melt 1000mcg Energy Support Vitamin B 30 Pack,$13.00,$43.33 / 100EA
Swisspers Cotton Tips 240 Pack,$4.80,$2.00 / 100EA
Macro Organic Corn Chips Natural 200g,$3.30,$1.65 / 100G
Panadol Rapid For Pain Relief Paracetamol 500 Mg 20 Pack,$6.00,$0.30 / 1EA
Vege Chips Multi 12 Pack 250g,$8.00,$3.20 / 100G
Woolworths Sesame Seeds 100g,$1.10,$11.00 / 1KG
Macro Black Chia Seeds 350g,$6.40,$1.83 / 100G
Woolworths Cashews Roasted & Salted 750g Pack,$10.00,$13.33 / 1KG
Woolworths Almonds Kernels 750g Pack,$9.90,$13.20 / 1KG
Go Natural Hiprotein Mixed Berry Bar 60g,$3.50,$5.83 / 100G
Healtheries No Added Sugar Bar Milk Chocolate 21g,$2.00,$9.52 / 100G
Hydralyte Orange Effervescent Tablets 40 Pack,$24.40,$61.00 / 100EA
Macro Flaxseed Oil 200ml,$10.00,$5.00 / 100ML
Blackmores Probiotics+ Women's Flora Balance Vitamin Capsules 30 Pack,$33.00,$110.00 / 100EA
Bosisto's Calming Solution Lavender & Chamomile 100ml,$8.00,$8.00 / 100ML
Loving Earth Organic Plant Based White Wholefood Chocolate 80g,$6.90,$8.63 / 100G
Nurofen Pain And Inflammation Relief Caplets 200mg Ibuprofen 12 Pack,$4.00,$0.33 / 1EA
Aussie Bodies Keto Bar Cookies & Cream Wafer 35g,$3.20,$9.14 / 100G
Codral Sore Throat Lozenges Antibacterial Lime & Lemon 16 Pack,$6.75,$42.19 / 100EA
Musashi 100% Whey Chocolate Milkshake 900g,$67.99,$7.55 / 100G
Off The Eaten Path Brown Rice Caramelised Onion 75g,$4.00,$5.33 / 100G
Advil Minis Liquid Capsules Ibuprofen Pain & Fever Relief 20 Pack,$5.50,$0.28 / 1EA
Blackmores Lyp-sine Cold Sore Relief Vitamin Tablets 30 Pack,$12.00,$40.00 / 100EA
Blackmores Super Magnesium+ Muscle Health Vitamin Tablets 100 Pack,$32.00,$32.00 / 100EA
Bounce Load Up High Protein  Bar Choc Raspberry 60g,$5.00,$8.33 / 100G
Keep It Cleaner White Choc Berry Collagen Bar 40g,$1.75,$4.38 / 100G
Macro Mini Multigrain Rice Cakes Vegan Dark Chocolate 58g,$3.50,$6.03 / 100G
Olina's Gluten Free Cranberry Pumpkin Cracker 100g,$5.00,$5.00 / 100G
Centrum Benefit Blend Immune Defence With Vitamin C & Zinc 50 Pack,$30.00,$60.00 / 100EA
Hydralyte Electrolyte Ice Block Orange 16 Sachets,$15.65,$0.98 / 1EA
Mack's Ear Plugs Soft Foam Snore Blockers 12 Pack,$10.00,$0.83 / 1EA
Blackmores Bio C 1000mg Tablets Support Tablets 150 Pack,$48.00,$32.00 / 100EA
Swisspers Cotton Tips 240 Pack,$4.80,$2.00 / 100EA
Macro Organic Corn Chips Natural 200g,$3.30,$1.65 / 100G
Panadol Rapid For Pain Relief Paracetamol 500 Mg 20 Pack,$6.00,$0.30 / 1EA
Vege Chips Multi 12 Pack 250g,$8.00,$3.20 / 100G
Woolworths Sesame Seeds 100g,$1.10,$11.00 / 1KG
Macro Black Chia Seeds 350g,$6.40,$1.83 / 100G
Woolworths Cashews Roasted & Salted 750g Pack,$10.00,$13.33 / 1KG
Woolworths Almonds Kernels 750g Pack,$9.90,$13.20 / 1KG
Swisspers Cotton Tips 240 Pack,$4.80,$2.00 / 100EA
Macro Organic Corn Chips Natural 200g,$3.30,$1.65 / 100G
Panadol Rapid For Pain Relief Paracetamol 500 Mg 20 Pack,$6.00,$0.30 / 1EA
Vege Chips Multi 12 Pack 250g,$8.00,$3.20 / 100G
Woolworths Sesame Seeds 100g,$1.10,$11.00 / 1KG
Macro Black Chia Seeds 350g,$6.40,$1.83 / 100G
Woolworths Cashews Roasted & Salted 750g Pack,$10.00,$13.33 / 1KG
Woolworths Almonds Kernels 750g Pack,$9.90,$13.20 / 1KG
Swisspers Cotton Tips 240 Pack,$4.80,$2.00 / 100EA
Macro Organic Corn Chips Natural 200g,$3.30,$1.65 / 100G
Panadol Rapid For Pain Relief Paracetamol 500 Mg 20 Pack,$6.00,$0.30 / 1EA
Vege Chips Multi 12 Pack 250g,$8.00,$3.20 / 100G
Woolworths Sesame Seeds 100g,$1.10,$11.00 / 1KG
Macro Black Chia Seeds 350g,$6.40,$1.83 / 100G
Woolworths Cashews Roasted & Salted 750g Pack,$10.00,$13.33 / 1KG
Woolworths Almonds Kernels 750g Pack,$9.90,$13.20 / 1KG
Cartia Low Dose Aspirin 100mg Tablets 28 Pack,$5.00,$0.18 / 1EA
Thursday Plantation Peppermint Oil 25ml,$14.00,$56.00 / 100ML
Bsc Body Science High Protein Low Carb Mousse Bar Caramel Hokey Pokey 55g,$4.50,$8.18 / 100G
Elastoplast Disney® Frozen Kids Plasters For Small Wounds 20 Pack,$4.00,$0.20 / 1EA
Fodmapped For You Simmer Sauce Butter Chicken Curry 200g,$5.90,$2.95 / 100G
Nurofen For Children 7+ Yrs Chewable Ibuprofen Orange 24 Pack,$18.00,$75.00 / 100EA
Blackmores Super Strength Coq10 300mg Heart Health Vitamin Tablets 30 Pack,$34.50,$1.15 / 1EA
Cenovis Magnesium Tablets Muscle Health Supplement 200 Pack,$25.00,$12.50 / 100EA
Manuka Health Mgo 400+ Manuka Honey Drops Blackcurrant 65g,$10.69,$16.45 / 100G
Nature's Way High Strength Sleep Ashwagandha Adult Vita Gummies 40 Pack,$25.00,$62.50 / 100EA
Nature's Way Restore Probiotic Daily Health 28 Pack,$22.50,$80.36 / 100EA
Blackmores Multivitamins For 50+ Release Tablets 60 Pack,$26.00,$43.33 / 100EA
"Musashi Crisp Protein Bar Chocolate Coconut, 60g",$3.50,$5.83 / 100G
Musashi Protein Slab Salted Caramel 58g,$4.00,$6.90 / 100G
Nature's Way Adult Gummies B12 80 Pack,$23.00,$28.75 / 100EA
Dj&a Veggie Crisps Original 90g,$6.00,$6.67 / 100G
Elastoplast Aqua Protect Xxl Waterproof Plasters For Small Wounds 5 Pack,$15.00,$3.00 / 1EA
Freedom Active Balance Maple & Almond Multigrain Flakes Cereal 400g,$7.50,$1.88 / 100G
Help@hand Kids Strips & Patches 20 Pack,$1.60,$0.08 / 1EA
Little Eyes Gentle Cleansing Wipes 30 Pack,$16.45,$0.55 / 1EA
Natures Way Kids Smart Vita Gummies Immune Support 120 Pack,$30.00,$25.00 / 100EA
Noway Collagen Jelly Bar Belgian Choc 60g,$4.95,$8.25 / 100G
Life-space Probiotic Powder For Baby 40g,$32.00,$80.00 / 100G
Murine Eye Drops Tears For Eyes 15ml,$9.50,$63.33 / 100ML
Swisspers Cotton Tips 240 Pack,$4.80,$2.00 / 100EA
Macro Organic Corn Chips Natural 200g,$3.30,$1.65 / 100G
Panadol Rapid For Pain Relief Paracetamol 500 Mg 20 Pack,$6.00,$0.30 / 1EA
Vege Chips Multi 12 Pack 250g,$8.00,$3.20 / 100G
Woolworths Sesame Seeds 100g,$1.10,$11.00 / 1KG
Macro Black Chia Seeds 350g,$6.40,$1.83 / 100G
Woolworths Cashews Roasted & Salted 750g Pack,$10.00,$13.33 / 1KG
Woolworths Almonds Kernels 750g Pack,$9.90,$13.20 / 1KG
Tasti Fruit Wholefood Balls Apple 6 Pack,$2.80,$4.06 / 100G
The Lady Bar Choc Mint 50g,$4.50,$9.00 / 100G
Blackmores Lutein Defence Eye Care Vitamin Tablets 60 Pack,$41.00,$68.33 / 100EA
Betadine Antiseptic Topical Solution Liquid 15ml,$12.70,$84.67 / 100ML
Centrum Benefit Blend Mind & Memory With Ginkgo Ginseng & Brahmi 50 Pack,$30.00,$0.60 / 1EA
Dulcolax Laxatives 5mg Tablets For Constipation Relief 80 Pack,$12.80,$16.00 / 100EA
"Musashi Vanilla Caramel Crisp Protein Bars, 4pk, 240g",$14.00,$5.83 / 100G
Something To Crow About Keto Bbq Almonds 140g,$6.40,$4.57 / 100G
Bonvit Psyllium Husks 500g,$18.80,$3.76 / 100G
Gastro-stop Plus 6 Pack,$10.00,$1.67 / 1EA
Nature's Way Magnesium Chelate Tablets 1000mg 100 Pack,$26.00,$26.00 / 100EA
Nature's Way Restore Probiotic 50 Billion 30 Pack,$37.00,$123.33 / 100EA
Nu-lax Laxatives Natural Fruit 250g,$7.75,$3.10 / 100G
Keep It Cleaner Lentil Chips Sea Salt 90g,$5.50,$6.11 / 100G
Panadol Paracetamol Cold + Flu Plus Decongestant 20 Pack,$13.00,$0.65 / 1EA
Hydralyte Electrolyte Ice Block Lemonade 16 Pack,$15.65,$0.98 / 1EA
Keep It Cleaner Crunch Salted Caramel Bar 40g,$3.50,$8.75 / 100G
Atkins Endulge Turkish Delight Low Carb Bar 30g,$3.40,$11.33 / 100G
Benefiber Natural Fibre Supplement 500g,$23.00,$4.60 / 100G
Cenovis Sugarless C 500mg 100Tablets,$5.24,$5.24 / 100EA
Ceres Organics Popped Rice Chips Sour Cream & Chives 100g,$5.00,$5.00 / 100G
Nature's Own Magnesium Chelate 500mg Muscle Health Capsules 180 Pack,$32.25,$17.92 / 100EA
Imodium Zapid Diarrhoea Treatment 2mg 6 Pack,$12.00,$2.00 / 1EA
Swisspers Cotton Tips 240 Pack,$4.80,$2.00 / 100EA
Macro Organic Corn Chips Natural 200g,$3.30,$1.65 / 100G
Panadol Rapid For Pain Relief Paracetamol 500 Mg 20 Pack,$6.00,$0.30 / 1EA
Vege Chips Multi 12 Pack 250g,$8.00,$3.20 / 100G
Woolworths Sesame Seeds 100g,$1.10,$11.00 / 1KG
Macro Black Chia Seeds 350g,$6.40,$1.83 / 100G
Woolworths Cashews Roasted & Salted 750g Pack,$10.00,$13.33 / 1KG
Woolworths Almonds Kernels 750g Pack,$9.90,$13.20 / 1KG
Swisspers Cotton Tips 240 Pack,$4.80,$2.00 / 100EA
Macro Organic Corn Chips Natural 200g,$3.30,$1.65 / 100G
Panadol Rapid For Pain Relief Paracetamol 500 Mg 20 Pack,$6.00,$0.30 / 1EA
Vege Chips Multi 12 Pack 250g,$8.00,$3.20 / 100G
Woolworths Sesame Seeds 100g,$1.10,$11.00 / 1KG
Macro Black Chia Seeds 350g,$6.40,$1.83 / 100G
Woolworths Cashews Roasted & Salted 750g Pack,$10.00,$13.33 / 1KG
Woolworths Almonds Kernels 750g Pack,$9.90,$13.20 / 1KG
Swisspers Cotton Tips 240 Pack,$4.80,$2.00 / 100EA
Macro Organic Corn Chips Natural 200g,$3.30,$1.65 / 100G
Panadol Rapid For Pain Relief Paracetamol 500 Mg 20 Pack,$6.00,$0.30 / 1EA
Vege Chips Multi 12 Pack 250g,$8.00,$3.20 / 100G
Woolworths Sesame Seeds 100g,$1.10,$11.00 / 1KG
Macro Black Chia Seeds 350g,$6.40,$1.83 / 100G
Woolworths Cashews Roasted & Salted 750g Pack,$10.00,$13.33 / 1KG
Woolworths Almonds Kernels 750g Pack,$9.90,$13.20 / 1KG
Swisspers Cotton Tips 240 Pack,$4.80,$2.00 / 100EA
Macro Organic Corn Chips Natural 200g,$3.30,$1.65 / 100G
Panadol Rapid For Pain Relief Paracetamol 500 Mg 20 Pack,$6.00,$0.30 / 1EA
Vege Chips Multi 12 Pack 250g,$8.00,$3.20 / 100G
Woolworths Sesame Seeds 100g,$1.10,$11.00 / 1KG
Macro Black Chia Seeds 350g,$6.40,$1.83 / 100G
Woolworths Cashews Roasted & Salted 750g Pack,$10.00,$13.33 / 1KG
Woolworths Almonds Kernels 750g Pack,$9.90,$13.20 / 1KG
Elastoplast Flexible Breathable Water Repellent Fabric Plaster 6cmx1m,$6.00,$6.00 / 1EA
Food For Health Nutty Almond Clusters Clusters 425g,$8.00,$1.88 / 100G
Freedom Classic Honey-o Crunch Cereal 360g,$6.80,$1.89 / 100G
Naturally Good Peanut Mylk Partyz 135g,$8.80,$6.52 / 100G
Nature's Own Magnesium+ Sleep Effervescent With Passionflower 20 Pack,$12.00,$0.60 / 1EA
Nature's Way Activated Curcumin 30 Pack,$27.00,$90.00 / 100EA
Nature's Way Restore Probiotic 30 Billion 30 Pack,$28.00,$93.33 / 100EA
Nurofen For Children 7+ Yrs Chewable Ibuprofen Orange 12 Pack,$10.00,$83.33 / 100EA
Crankt Premium Protein Shake Banana 400ml,$5.50,$13.75 / 1L
Macro Wholefoods Market Mini Multigrain Rice Cakes Vegan Chocolate Snack Packs 78g X 6 Pack,$5.00,$6.41 / 100G
No Ugly Gut Cranberry Wellness Tonic 250ml,$4.50,$1.80 / 100ML
Sanofi Calamine Lotion For Itchiness Relief 200ml,$5.20,$2.60 / 100ML
Celebrity Slim Program Rapid Chocolate Flavoured Shake Real Cocoa 480g,$12.50,$2.60 / 100G
Codral Cold & Flu Tablets 10 Pack,$8.55,$0.86 / 1EA
Hydralyte Electrolyte Solution Orange 1l,$15.65,$1.57 / 100ML
Metamucil Fibre Caps 300 Pack,$60.00,$0.20 / 1EA
Musashi Pre Workout Lemon Lime 225g,$30.09,$13.37 / 100G
Renovatio Activated Apple Cider Vinegar 500ml,$10.00,$2.00 / 100ML
Blue Dinosaur Cheesecake Base Bar 45g,$2.95,$6.56 / 100G
Cenovis 50+ Multivitamin Capsules Multi Vitamin For Energy 100 Pack,$29.00,$29.00 / 100EA
Deep Heat Original  Heat Rub 100g,$7.65,$7.65 / 100G
Goli Apple Cider Vinegar Gummies 60pk,$30.00,$0.50 / 1EA
Livingstone Sterile Paper Dressing Towel 1 Pack 100 Bag x6,$166.32,
Swisse Zinc+ 120 Pack,$28.00,$28.00 / 1EA
Swisspers Cotton Tips 240 Pack,$4.80,$2.00 / 100EA
Macro Organic Corn Chips Natural 200g,$3.30,$1.65 / 100G
Panadol Rapid For Pain Relief Paracetamol 500 Mg 20 Pack,$6.00,$0.30 / 1EA
Vege Chips Multi 12 Pack 250g,$8.00,$3.20 / 100G
Woolworths Sesame Seeds 100g,$1.10,$11.00 / 1KG
Macro Black Chia Seeds 350g,$6.40,$1.83 / 100G
Woolworths Cashews Roasted & Salted 750g Pack,$10.00,$13.33 / 1KG
Woolworths Almonds Kernels 750g Pack,$9.90,$13.20 / 1KG
Bosisto's Sweet Almond Body Oil 100ml,$6.40,$6.40 / 100ML
Harvest Box Chickpea Crisps Salted 85g,$3.60,$4.24 / 100G
"Help@hand Cough, Cold & Flu Soft Gel Caps 24 Pack",$10.00,$0.42 / 1EA
Loving Earth Earth Dirty Rose Chocolate 45g,$5.50,$12.22 / 100G
Metamucil Orange Smooth Fibre Powder 48 Doses 283g,$21.90,$7.74 / 100G
Ostelin Cal-dk2 Calcium + Vitamin D Tablets D3 For Bone Health 60 Pack,$40.95,$68.25 / 100EA
Sanitarium Vegie Delight Gf Nutolene 415g,$6.00,$1.45 / 100G
Food For Health Fruit Free Bars With Sea Salt & Caramel 6 Pack,$7.00,$4.67 / 100G
Inner Health Double Strength Balanced Gut Health Probiotics 20 Pack,$33.00,$165.00 / 100EA
Koja Apple Spice Almond Bar 45g,$3.00,$6.67 / 100G
Murine Eye Drops Relief 15ml,$9.50,$63.33 / 100ML
Prana On Plant Protein Shake Chocolate Flavour 405g,$34.00,$8.40 / 100G
Swisse Beauty High Strength Marine Collagen Tablets 60 Pack,$42.50,$70.83 / 100EA
The Man Shake Vanilla 560g,$39.99,$7.14 / 100G
Vitadrop Daily Hydrate Energy+ Mood Lemon-lime 10 Pack,$18.00,$180.00 / 100EA
Ceres Organics Popped Rice Chips Barbeque 100g,$5.00,$5.00 / 100G
Mentholatum Ice Gel Therapy 100g,$4.50,$4.50 / 100G
Metamucil Orange Granular Fibre Powder 48 Doses 528g,$21.90,$4.15 / 100G
Naturally Good Original Mylk Partyz 135g,$8.80,$6.52 / 100G
Nature's Own Activated Methyl B12 1000mcg With Vitamin B For Energy 60 Pack,$24.00,$40.00 / 100EA
Tom & Luke Dose & Co Collagen Balls Chocolate Fudge 140g,$5.50,$3.93 / 100G
Bsc Body Science High Protein Powder Vanilla 800g,$55.00,$6.88 / 100G
Bounce Keto Fat Bomb Bar Choc Hazelnut 35g,$3.00,$8.57 / 100G
Crankt Premium Protein Shake Chocolate 400ml,$5.50,$13.75 / 1L
Swisspers Cotton Tips 240 Pack,$4.80,$2.00 / 100EA
Macro Organic Corn Chips Natural 200g,$3.30,$1.65 / 100G
Panadol Rapid For Pain Relief Paracetamol 500 Mg 20 Pack,$6.00,$0.30 / 1EA
Vege Chips Multi 12 Pack 250g,$8.00,$3.20 / 100G
Woolworths Sesame Seeds 100g,$1.10,$11.00 / 1KG
Macro Black Chia Seeds 350g,$6.40,$1.83 / 100G
Woolworths Cashews Roasted & Salted 750g Pack,$10.00,$13.33 / 1KG
Woolworths Almonds Kernels 750g Pack,$9.90,$13.20 / 1KG
Epsom Salts 1kg,$9.00,$0.90 / 100G
Help@hand Makeup Pads 200 Pack,$3.40,$1.70 / 100EA
Keep It Cleaner Collagen Protein Powder French Vanilla 330g,$24.50,$7.42 / 100G
The Wheat Bag Relieve & Relax 18cm X 16cm Each,$17.00,$17.00 / 1EA
Voost Sport Lemon & Lime Effervescent Tablets 10 Pack,$9.60,$96.00 / 100EA
Woolworths Plantitude Vegan Mac'n Cheeze Facon 200g,$6.00,$3.00 / 100G
Band-aid Advanced Healing Regular Plasters 10 Pack,$9.35,$0.94 / 1EA
Fod Bods Peanut Butter & Choc Chunk Bar 50g,$4.50,$9.00 / 100G
Health Lab Less Sugar Naturally Mylk Chocolate Raspberry Balls 5 Pack,$12.75,$7.29 / 100G
Health Lab Low Sugar Mylk Chocolate Diamonds Peanut Butter 30g,$2.00,$6.67 / 100G
Help@hand Eucalyptus Oil Spray 200g,$8.50,$4.25 / 100G
"Musashi Pre Workout Powder Purple Grape, 25 Serves 225g",$32.00,$14.22 / 100G
Nature's Way High Strength Magnesium 60 Pack,$12.00,$20.00 / 100EA
Well Naturally No Sugar Added White Choc Coated Almonds 70g,$5.50,$7.86 / 100G
Fine Fettle Zucchini Noodles 20g,$7.00,$35.00 / 100G
Nature's Way High Strength Iron + Vitamin C Adult Vita Gummies 65 Pack,$25.00,$38.46 / 100EA
Voost Performance Vitamin B+ Apple + Berry Effervescent Tablets 20 Pack,$11.00,$55.00 / 100EA
Atkins Endulge Caramelised White Chocolate Low Carb Bar 5 Pack,$15.00,$10.00 / 100G
D3 Cohesive Bandage 9m Each,$10.00,$10.00 / 1EA
Dencorub Gels Extra Strength Heat 100g,$6.70,$6.70 / 100G
Swisspers Cotton Tips 240 Pack,$4.80,$2.00 / 100EA
Macro Organic Corn Chips Natural 200g,$3.30,$1.65 / 100G
Panadol Rapid For Pain Relief Paracetamol 500 Mg 20 Pack,$6.00,$0.30 / 1EA
Vege Chips Multi 12 Pack 250g,$8.00,$3.20 / 100G
Woolworths Sesame Seeds 100g,$1.10,$11.00 / 1KG
Macro Black Chia Seeds 350g,$6.40,$1.83 / 100G
Woolworths Cashews Roasted & Salted 750g Pack,$10.00,$13.33 / 1KG
Woolworths Almonds Kernels 750g Pack,$9.90,$13.20 / 1KG
Fess Saline Nasal Spray for Kids 20ml,$11.99,$59.95 / 100ML
Happy Way Whey Protein Powder Vanilla 500g,$51.95,
Health Lab Low Sugar Chocolate Diamond Variety Mix 150g,$14.00,$9.33 / 100G
"Musashi Shred And Burn Chocolate Milkshake Protein Powder, 900g",$51.99,$5.78 / 100G
Thursday Plantation Eucalyptus Oil 200ml,$23.10,$11.55 / 100ML
Difflam Soothing Drops + Immune Support Black Elderberry 20 Pack,$6.50,$0.33 / 1EA
Health Lab Low Sugar Mylk Chocolate Mint Balls 175g,$12.75,$7.29 / 100G
Hydralyte Electrolyte Powder Sachets Apple Blackcurrant 10 Pack,$15.65,$1.57 / 1EA
Nicaway Nicaway Stop Smoking Mint Gum 4mg 96 Pack,$20.00,$0.21 / 1EA
The Man Shake Chocolate 560g,$39.99,$7.14 / 100G
Vital Strength Strength Creatine 300g,$31.00,$10.33 / 100G
Atkins Day Break Hazelnut Bar 5 Pack,$14.00,$7.57 / 100G
Aussie Bodies Keto Bar Dark Choc Mint Wafer 35g,$3.20,$9.14 / 100G
Blackmores Vitamin B6 100Mg 40 Capsules,$12.49,$0.31 / 1EA
Codral Cold & Flu + Mucus Cough Capsules 16 Pack,$14.85,$0.93 / 1EA
Essentials Antiseptic Solution 250ml,$5.00,$2.00 / 100ML
Fodmapped Tomato Pasta Sauce Bolognaise 375g,$6.50,$1.73 / 100G
Freedom Active Balance Cashews & Pepitas Cereal 400g,$7.50,$1.88 / 100G
Loving Earth Caramel Swayzee Dark Chocolate 45g,$5.50,$12.22 / 100G
Nature's Own Super Vitamin B Complex With Biotin B3 B6 + B12 75 Pack,$29.80,$39.73 / 100EA
Cellucor C4 Sport Pre-workout Powder Blue Raspberry 285g,$48.00,$16.84 / 100G
Clif Bar Peanut Butter Banana With Dark Chocolate 68g,$2.45,$3.60 / 100G
Swisspers Cotton Tips 240 Pack,$4.80,$2.00 / 100EA
Macro Organic Corn Chips Natural 200g,$3.30,$1.65 / 100G
Panadol Rapid For Pain Relief Paracetamol 500 Mg 20 Pack,$6.00,$0.30 / 1EA
Vege Chips Multi 12 Pack 250g,$8.00,$3.20 / 100G
Woolworths Sesame Seeds 100g,$1.10,$11.00 / 1KG
Macro Black Chia Seeds 350g,$6.40,$1.83 / 100G
Woolworths Cashews Roasted & Salted 750g Pack,$10.00,$13.33 / 1KG
Woolworths Almonds Kernels 750g Pack,$9.90,$13.20 / 1KG
Eureka Lavender Solution 100ml,$9.80,$9.80 / 100ML
Kez's Kitchen Mini Bites Chocolate Chip 5 Pack,$7.00,$5.60 / 100G
Nature's Way Ashwagandha Hard Capsules 50 Pack,$25.00,$50.00 / 100EA
Nature's Way Glucosamine Tablets 1500mg 180 Pack,$40.00,$22.22 / 100EA
Blackmores Multivitamin + Antioxidants Sustained Release Tablets 125 Pack,$40.00,$32.00 / 100EA
Bodiez Energy+ Protein Sparkling Energy Drink Lemon Lime 500ml,$4.00,$8.00 / 1L
Clif Bar Cool Mint Chocolate Energy Bar 68g,$2.45,$3.60 / 100G
Life-space Double Strength Probiotic Capsules 20 Pack,$32.00,$160.00 / 100EA
Nicorette Quit Smoking Quickmist Nicotine Mouth Spray Freshmint 2 X 150 Pack,$70.00,$265.15 / 100ML
Orgran Gluten Free Pasta Garden Veggie Penne 300g,$3.00,$1.00 / 100G
Pentavite Multivitamin Infant Oral Liquid 30ml,$12.50,$41.67 / 100ML
Roger Armstrong Pulse/Temperature Digital Talking Thermometer,$74.00,$74.00 / 1EA
Thompson's One A Day Valerian 2000mg 60 Pack,$39.00,"$3,900.00 / 100EA"
Vicks Lozenges Peppermint 24 Pack,$5.90,$0.25 / 1EA
Bsc Body Science Leanest Low Carb High Protein Bar Multipack Chocberry Ripple 30g X 7pk,$19.00,$9.05 / 100G
Bounce High Protein Peanut Butter Chocolate Cookie 65g,$4.50,$6.92 / 100G
Celebrity Slim Lollipops 10 Pack,$5.00,$5.00 / 100G
"Cenovis Cranberry 30,000 Capsules For Women's Health 30 Pack",$19.10,$63.67 / 100EA
Hydralyte Electrolyte Ice Blocks Apple Blackcurrant 16 Pack,$15.65,$0.98 / 1EA
Keep It Cleaner Plant Based Protein Powder Chocolate Flavour 375g,$23.10,$6.16 / 100G
Life-space Women's Microflora Probiotic Hard Capsules 40 Pack,$36.00,$90.00 / 100EA
Nyal Cough Syrups Bronchitis Mix 200ml,$7.60,$3.80 / 100ML
Nyal Tablets Cold And Flu 18 Day & 6 Night 24 Pack,$12.00,$0.50 / 1EA
Swisspers Cotton Tips 240 Pack,$4.80,$2.00 / 100EA
Macro Organic Corn Chips Natural 200g,$3.30,$1.65 / 100G
Panadol Rapid For Pain Relief Paracetamol 500 Mg 20 Pack,$6.00,$0.30 / 1EA
Vege Chips Multi 12 Pack 250g,$8.00,$3.20 / 100G
Woolworths Sesame Seeds 100g,$1.10,$11.00 / 1KG
Macro Black Chia Seeds 350g,$6.40,$1.83 / 100G
Woolworths Cashews Roasted & Salted 750g Pack,$10.00,$13.33 / 1KG
Woolworths Almonds Kernels 750g Pack,$9.90,$13.20 / 1KG
Band-aid Advanced Healing Hydro Seal Blister Block 4 Pack,$9.35,$2.34 / 1EA
Dose & Co Collagen Protein Powder Creamy Vanilla 420g,$46.00,$10.95 / 100G
Haircare Bear Collagen Gummies Strawberry 50 Pack,$30.00,$20.00 / 100G
Musashi Bulk Protein Vanilla Milkshake 2kg,$95.19,$4.76 / 100G
Nicabate Quit Smoking 24 Hour Patch Step 1 21 Mg 7 Pack,$35.00,$5.00 / 1EA
Nurofen Meltlets Ibuprofen 200mg For Pain Relief Berry Burst 24 Pack,$10.00,$0.42 / 1EA
Go Natural Macadamia Dream Balls Dark Chocolate 100g,$7.00,$7.00 / 100G
Help@hand Paracetamol Extra Caplets 20 Pack,$4.50,$0.23 / 1EA
Hydralyte Sachets Orange 24 Pack,$26.45,$1.10 / 1EA
Keep It Cleaner Lentil Chips Sea Salt Roast Garlic Vegan 90g,$5.50,$6.11 / 100G
Macro Wholefoods Market Mini Multigrain Rice Cakes Vegan Dark Chocolate 6 Pack,$5.00,$6.41 / 100G
Nicorette Quit Smoking Regular Strength Cooldrops Lozenge Icy Mint 4 X 20 Pack,$42.00,$0.53 / 1EA
Nyal Chesty Non Drowsy Cough Medicine 200ml,$7.60,$3.80 / 100ML
Swisse Beauty Multivitamin Beauty Complex Tablets 60 Pack,$35.00,$58.33 / 100EA
Bsc Body Science Pure Creatine Natural Flavour 200g,$28.00,$14.00 / 100G
Bounce Low Carb Bar Caramel Cookie Dough 35g,$3.50,$10.00 / 100G
"Elastoplast Crepe Bandage Medium Weight For Muscle, Joint, Back Pain Each",$8.50,$8.50 / 1EA
Epzen Relax Magnesium Bath Crystals 900g,$13.00,$1.44 / 100G
Fat Blaster Weight Loss Shake With Green Tea Extract Caramel Delight 430g,$22.00,$5.12 / 100G
GO Healthy Pro Saffron Mood 60capsules,$47.99,$79.98 / 100EA
Health Lab Less Sugar Naturally Mylk Chocolate Peanut Butter Balls 5 Pack,$12.75,$7.29 / 100G
Nature's Way Extra Strength Magnesium Gummies Raspberry Flavour 60 Pack,$30.00,$50.00 / 100EA
Natures Way Kids Smart High Strength Vita Gummies Triple Immune Support 50 Pack,$21.00,$0.42 / 1EA
Chef's Choice Organic Pearl Barley 500g,$4.00,$0.80 / 100G
Swisspers Cotton Tips 240 Pack,$4.80,$2.00 / 100EA
Macro Organic Corn Chips Natural 200g,$3.30,$1.65 / 100G
Panadol Rapid For Pain Relief Paracetamol 500 Mg 20 Pack,$6.00,$0.30 / 1EA
Vege Chips Multi 12 Pack 250g,$8.00,$3.20 / 100G
Woolworths Sesame Seeds 100g,$1.10,$11.00 / 1KG
Macro Black Chia Seeds 350g,$6.40,$1.83 / 100G
Woolworths Cashews Roasted & Salted 750g Pack,$10.00,$13.33 / 1KG
Woolworths Almonds Kernels 750g Pack,$9.90,$13.20 / 1KG
Essential Hemp Organic Hemp Protein Chocolate 420g,$43.95,$10.46 / 100G
Nature's Way Dult Vita Gummies Probiotic & Prebiotic 65 Pack,$25.00,$38.46 / 100EA
Atkins Low Carb Fudge Caramel Bar 50g,$4.50,$9.00 / 100G
Koja Berry & Coconut Almond Bar 45g,$3.00,$6.67 / 100G
Livingstone Tubular Bandage Size G Large Thighs 1 Box x8,$375.90,$46.99 / 1EA
Prana On Keto Protein Shake Honeycomb 390g,$30.00,$7.69 / 100G
Purple Moon Microwave Heat Pack Wheat Bag Wrap 25x50cm 2PK,$96.90,$48.45 / 1EA
Atkins Endulge Bar Caramel Nut Chew 34g,$3.40,$10.00 / 100G
Atkins Endulge Bar Chocolate & Coconut 5 Pack,$15.00,$3.00 / 1EA
Biogenesis Wheat Grass Powder 150g,$27.95,$18.63 / 100G
Elastoplast Flexible Fabric Xxl Breathable Plasters For Wound Protection 5 Pack,$4.00,$0.80 / 1EA
Livingstone Eye Pad Wound Dressing 1000 Carton x1,$298.20,$298.20 / 1EA
Melrose Mct Kick Start 250ml,$12.00,$4.80 / 100ML
Nature's Way Beauty Collagen Tablets 60 Pack,$30.00,$50.00 / 100EA
Nature's Way High Strength Collagen Beauty Complex Adult Gummies 50pk,$25.00,$50.00 / 100EA
Ostelin Vitamin D 1000iu D3 Capsules For Bone Health + Immunity 275 Pack,$35.00,$12.73 / 100EA
Vitadrop Hydrate Sleep Support Berry Peppermint 10 Pack,$18.00,$180.00 / 100EA
Health Lab Low Sugar Mylk Chocolate Dipped Roasted Peanuts 150g,$12.00,$8.00 / 100G
Kez's Kitchen Mini Bites Caramel White Chocolate 125g,$7.00,$5.60 / 100G
Macro Organic Brewers Yeast Cookies Orange & Chia 210g,$9.25,$4.40 / 100G
Nurofen Cold And Flu Multi-symptom Relief Tablets 200mg Ibuprofen 12 Pack,$9.00,$0.75 / 1EA
Nyal Cough Medicine For Dry Coughs 200ml,$7.60,$3.80 / 100ML
Vital Proteins Collagen Peptides Unflavoured 284g,$39.95,$14.07 / 100G
Betadine Antiseptic First Aid Cream 20g,$11.50,$57.50 / 100G
Swisspers Cotton Tips 240 Pack,$4.80,$2.00 / 100EA
Macro Organic Corn Chips Natural 200g,$3.30,$1.65 / 100G
Panadol Rapid For Pain Relief Paracetamol 500 Mg 20 Pack,$6.00,$0.30 / 1EA
Vege Chips Multi 12 Pack 250g,$8.00,$3.20 / 100G
Woolworths Sesame Seeds 100g,$1.10,$11.00 / 1KG
Macro Black Chia Seeds 350g,$6.40,$1.83 / 100G
Woolworths Cashews Roasted & Salted 750g Pack,$10.00,$13.33 / 1KG
Woolworths Almonds Kernels 750g Pack,$9.90,$13.20 / 1KG
Celebrity Slim Rapid Kickstart Phase Shake Vanilla 480g,$12.50,$2.60 / 100G
Dencorub Cream Arthritis Cream 100g,$8.40,$8.40 / 100G
Musashi Zma+ 60 Capsules,$24.49,$40.82 / 100EA
Naturally Good Crispy Partyz 125g,$8.80,$7.04 / 100G
Nature's Own Vitamin D 1000iu D3 Capsules For Bone Health + Immunity 60 Pack,$32.00,$8.00 / 100EA
Protein Supplies Aust Restore Hydration Recovery Rasp Lemonade 200g,$41.95,$20.98 / 100G
Voost Plus Skin Hydration Rose Lemonade Effervescent Tablets 20 Pack,$15.00,$75.00 / 100EA
Aero Healthcare Defender 3 Series Softpack Domestic First Aid Kit,$58.00,$58.00 / 1EA
Aero Healthcare Voyager 2 Series Domestic First Aid Kit,$45.00,$45.00 / 1EA
At Health Australia Slim & Tone Preworkout 200g,$59.95,
At Health Australia Tummy Loving Lean Protein Vanilla & Chia 450g,$59.95,$13.32 / 100G
Atkins Low Carb Endulge Bar Milk Chocolate Mint Crisp 30g,$3.40,$11.33 / 100G
Bc Snacks Dark Choc Orange Energy Bar 40g,$3.50,$8.75 / 100G
BSc Body Science Shred Ultra Advanced Blue Raspberry 300g,$65.20,$21.73 / 100G
Botanika Blends Power Potion Pre Workout Powder Strawberry Kiwi 300g,$49.95,
Eat For You Little Hero Chocolate and Coconut Health Bars 12 Pack/60g each,$59.40,$8.25 / 100G
Eden Healthfoods Idf#1 Gut D-Tox Week 1 Vegecaps 100 Capsules,$59.95,$59.95 / 100EA
Fodmapped For You Lamb & Vegetable Soup 500g,$8.90,$1.78 / 100G
Go Natural Macadamia Dream Balls White Choc 100g,$7.00,$7.00 / 100G
Happy Way Bcaa Powder Green Apple 300g,$51.95,$17.32 / 100G
Inca Organics Organic Whey + Coconut Protein Powder 1kg,$99.95,$10.00 / 100G
Livingstone Vinyl Gloves All Purpose Powder Free XS Clear 100 Box x50,$320.25,$64.05 / 1EA
Metamucil Fibre Caps 160 Pack,$45.90,$0.29 / 1EA
Nicorette Quit Smoking Quickmist Nicotine Mouth Spray Coolberry 2 X 150 Pack,$70.00,$265.15 / 100ML
Swisspers Cotton Tips 240 Pack,$4.80,$2.00 / 100EA
Macro Organic Corn Chips Natural 200g,$3.30,$1.65 / 100G
Panadol Rapid For Pain Relief Paracetamol 500 Mg 20 Pack,$6.00,$0.30 / 1EA
Vege Chips Multi 12 Pack 250g,$8.00,$3.20 / 100G
Woolworths Sesame Seeds 100g,$1.10,$11.00 / 1KG
Macro Black Chia Seeds 350g,$6.40,$1.83 / 100G
Woolworths Cashews Roasted & Salted 750g Pack,$10.00,$13.33 / 1KG
Woolworths Almonds Kernels 750g Pack,$9.90,$13.20 / 1KG
Pentavite Multivitamin + Iron Gold Kids Liquid Watermelon 200ml,$23.00,
Protein Supplies Aust Spark (Pre-Workout) Pine Coconut 250g,$40.95,$16.38 / 100G
Purple Moon Microwavable Heat Pack - Wheat Bag 20x50cm Blue,$54.95,$54.95 / 1EA
Purple Moon Microwavable Heat Pack - Wheat Bag 20x50cm Grey,$54.95,$54.95 / 1EA
Sasy n Savy Sandalwood (Santalum Spicata) Essential Oil 12mL,$140.00,"$1,166.67 / 100ML"
Skin Shield Latex Gloves Powder Free 6.0 50 Box x8,$487.20,$60.90 / 1EA
Strepsils Herbal Lozenges Immune Support Elderberry 16 Pack,$7.00,$0.44 / 1EA
Tea Gardens Probiotic Iced Tea Passionfruit 800ml x 24,$69.60,$3.63 / 1L
Claratyne Children's Hayfever Allergy Relief Antihistamine Tablets 10 Pack,$14.00,$1.40 / 1EA
Dettol Antiseptic Antibacterial Disinfectant Liquid 500ml,$10.50,$2.10 / 100ML
Grenade Carb Killa Bar Cookie Dough 60g,$4.80,$8.00 / 100G
Nirvana Organics Stevia 150Tablets,$13.95,$1.40 / 100ML
Atkins Endulge Milk Chocolate 5 Pack,$15.00,$3.00 / 1EA
Beurer FT65 Multi Function Digital Thermometer,$79.95,$79.95 / 1EA
Blackmores Flaxseed Oil 100 Capsules,$26.49,$26.49 / 100EA
Epzen Soothe Magnesium Bath Crystals 900g,$13.00,$1.44 / 100G
Fisiocrem Solugel 250g,$39.50,$15.80 / 100G
Help At Hand Lavender Oil 10 Percent Solution 200ml,$8.00,$4.00 / 100ML
Naturopathica Horny Goat Weed Tablets For Him 50 Pack,$37.00,$74.00 / 100EA
Nicorette Quit Smoking Nicotine 16 Hour Invisipatch Step 1 25mg 7 Pack,$33.00,$4.71 / 1EA
Swisse Active Recover Powder 3g X 15 Pack,$12.50,$27.78 / 100G
Thursday Plantation Aloe Antiseptic Gel Aid 100g,$10.00,$10.00 / 100G
Vital Proteins Collagen Peptides Unflavoured 284g,$36.00,$12.68 / 100G
Berocca Sport Powder Sachets 14 Pack,$18.50,$2.36 / 100G
Swisspers Cotton Tips 240 Pack,$4.80,$2.00 / 100EA
Macro Organic Corn Chips Natural 200g,$3.30,$1.65 / 100G
Panadol Rapid For Pain Relief Paracetamol 500 Mg 20 Pack,$6.00,$0.30 / 1EA
Vege Chips Multi 12 Pack 250g,$8.00,$3.20 / 100G
Woolworths Sesame Seeds 100g,$1.10,$11.00 / 1KG
Macro Black Chia Seeds 350g,$6.40,$1.83 / 100G
Woolworths Cashews Roasted & Salted 750g Pack,$10.00,$13.33 / 1KG
Woolworths Almonds Kernels 750g Pack,$9.90,$13.20 / 1KG
Beurer FT85 Infrared Non Contact Digital Thermometer,$99.95,$99.95 / 1EA
Comvita Natural Olive Leaf Extract 500ml,$32.50,$6.50 / 100ML
Ease A Cold Kids Chewable Berry Cold & Flu Tablets 2-12yrs 24 Pack,$12.00,$0.50 / 1EA
Help@hand Ibuprofen Rapid Caplets 24 Pack,$4.50,$0.19 / 1EA
Hydralyte Powder Sachets Orange 10 Sachets,$15.65,$1.57 / 1EA
I Am Grounded Caffeinated Energy Cocoa Almond & Coffee Fruit Bar 45g,$4.00,$8.89 / 100G
Kool N Soothe Migraine & Headache Starter 2 Pack,$2.50,$1.25 / 1EA
Naturally Good Mylk Zillions 135g,$8.80,$6.52 / 100G
Nature's Way Kids Smart Vita Gummies Multivit + Iron Pastilles 40 Pack,$21.00,$52.50 / 100EA
Nicorette Quit Smoking Extra Strength Icy Mint Gum 4mg 150 Pack,$50.00,$33.33 / 100EA
The Man Bar Choc Mint 50g,$4.50,$9.00 / 100G
2SAN Touchbio COVID-19 And Flu A/B Rapid Antigen Combo Test Kit 5pack,$59.00,$11.80 / 1EA
Blackmores Nails Hair & Skin Tablets 120 Pack,$35.00,$29.17 / 100EA
Help@hand Cold & Flu Relief 20 Pack,$10.00,$0.50 / 1EA
Melrose Cod Liver Oil 500ml,$20.96,$4.19 / 100ML
Nature's Way Beauty Collagen Tablets 120 Pack,$50.00,$41.67 / 100EA
Nature's Way Hair Growth Tablets 30 Pack,$20.00,$66.67 / 100EA
Nature's Way High Strength Vitamin C + Vitamin D Adult Vita Gummies 65 Pack,$25.00,$38.46 / 100EA
Vogel's Vogels Immunity 400g,$7.20,$1.80 / 100G
Anusol Haemorrhoidal Ointment 50g,$11.70,$23.40 / 100G
Bare Blends Bare Shaker 600ml,$34.95,$5.83 / 100ML
Benefiber Natural Fibre Supplement 261g,$17.80,$6.82 / 100G
Swisspers Cotton Tips 240 Pack,$4.80,$2.00 / 100EA
Macro Organic Corn Chips Natural 200g,$3.30,$1.65 / 100G
Panadol Rapid For Pain Relief Paracetamol 500 Mg 20 Pack,$6.00,$0.30 / 1EA
Vege Chips Multi 12 Pack 250g,$8.00,$3.20 / 100G
Woolworths Sesame Seeds 100g,$1.10,$11.00 / 1KG
Macro Black Chia Seeds 350g,$6.40,$1.83 / 100G
Woolworths Cashews Roasted & Salted 750g Pack,$10.00,$13.33 / 1KG
Woolworths Almonds Kernels 750g Pack,$9.90,$13.20 / 1KG
Imodium Advanced Anti Diarrhoeal 6 Pack,$13.00,$2.17 / 1EA
Js Health Protein + Probiotics Vanilla Pea Protein Powder 300g,$34.95,$11.65 / 100G
Nature's Own Vitamin B12 1000mcg Vitamin B Tablets For Energy 150 Pack,$35.00,$0.23 / 1EA
Nicabate Chewing Gum 4mg 200 Pack,$44.00,$22.00 / 100EA
Nicabate Quit Smoking 24 Hour Patch Step 2 14 Mg 7 Pack,$35.00,$5.00 / 1EA
Pentavite Multivitamin + Iron Kids Liquid Lemon Lime 200ml,$21.00,$10.50 / 100ML
Swisse Active Perform Powder 4g X 15 Pack,$12.50,$20.83 / 100G
Vital Greens All - In - One Daily Health Supplement 120g,$36.40,$30.33 / 100G
Grenade Protein Bar Lemon Cheesecake 60g,$4.80,$8.00 / 100G
Health Lab Low Sugar Mylk Chocolate Dipped Roasted Coffee Beans 110g,$12.00,$10.91 / 100G
I Am Grounded Caffeinated Energy Lemon Coconut & Coffee Fruit Bar 45g,$4.00,$8.89 / 100G
Macy And Tailor Plantain Chips Sea Salt 85g,$5.50,$6.47 / 100G
Metamucil Lemon Lime Smooth Fibre Powder 114 Doses 673g,$35.60,$5.29 / 100G
Nicorette Quit Smoking Extra Strength Nicotine Gum Classic 150 Pack,$50.00,$33.33 / 100EA
Nyal Anti Viral Cold Sore Cream 5g,$9.50,$190.00 / 100G
Strepsils Herbal Immune Support Honey & Lemon Lozenges 32 Pack,$13.50,$0.42 / 1EA
Swisse High Strength Deep Sea Krill Oil 30 Pack,$18.00,$18.00 / 1EA
"Vogel's Collagen Granola Almond, Raspberry, Cranberry 360g",$7.20,$2.00 / 100G
Blackmores Ashwagandha+ 60 Pack,$30.00,$50.00 / 100EA
Blackmores Multivitamin For Teen Boys 60 Capsules,$29.99,$49.98 / 100EA
Blackmores Multivitamin For Teen Girls 60 Capsules,$29.99,$49.98 / 100EA
Bosisto's Antiseptic Spray 55ml,$7.50,$13.64 / 100ML
Hydralyte Electrolyte Ice Blocks Strawberry Kiwi 16 Pack,$15.65,$0.98 / 1EA
Keep It Cleaner Plant Based Protein Powder Cookie Crumble 375g,$23.10,$6.16 / 100G
Swisspers Cotton Tips 240 Pack,$4.80,$2.00 / 100EA
Macro Organic Corn Chips Natural 200g,$3.30,$1.65 / 100G
Panadol Rapid For Pain Relief Paracetamol 500 Mg 20 Pack,$6.00,$0.30 / 1EA
Vege Chips Multi 12 Pack 250g,$8.00,$3.20 / 100G
Woolworths Sesame Seeds 100g,$1.10,$11.00 / 1KG
Macro Black Chia Seeds 350g,$6.40,$1.83 / 100G
Woolworths Cashews Roasted & Salted 750g Pack,$10.00,$13.33 / 1KG
Woolworths Almonds Kernels 750g Pack,$9.90,$13.20 / 1KG
Kialla Pure Organic Wholegrain Spelt Flour 700g,$11.99,$11.99 / 1EA
Centrum Centrum Kids Immune Fuel 50 Pack,$16.00,$32.00 / 100EA
I Am Grounded Caffeinated Energy Espresso Peanut Butter & Fruit Bar 45g,$4.00,$8.89 / 100G
Melrose Mct Oil Brain Power 250ml,$15.00,$6.00 / 100ML
Nature's Own Plant Based Omega 3 Capsules 125 Pack,$24.00,$0.19 / 1EA
"Nature's Own Super Vitamin B Complex With Biotin, B3, B6 & B12 150 Pack",$37.00,$24.67 / 100EA
Nature's Way Beauty Collagen Shots 50ml X10 Pack,$24.50,$4.90 / 100ML
Nicorette Quit Smoking Regular Strength Nicotine Gum Icy Mint 150 Pack,$50.00,$33.33 / 100EA
Qsilica Original Silica Liquid 500ml,$35.95,$7.19 / 100ML
Bosisto's Nasal Inhaler Eucalyptus 1g,$6.00,$60.00 / 10G
Claratyne Hayfever Allergy Relief Antihistamine Tablets 5 Pack,$8.00,$1.60 / 1EA
Health Guru Cauliflower Puffs Just Bbq 56g,$5.00,$8.93 / 100G
Keep It Cleaner Protein Powder Salted Caramel 375g,$33.00,$8.80 / 100G
Kez's Kitchen Mini Bites Chocolate Brownie 125g,$7.00,$5.60 / 100G
Ki Immune Defence & Energy Formula Tablets 45 Pack,$25.00,$55.56 / 100EA
Macro Soy Lecithin Granules 250g,$10.00,$4.00 / 100G
Nicabate Quit Smoking Extra Fresh Mint Gum 4 Mg 100 Pack,$31.00,$31.00 / 100EA
Vogel's Vogels Gut Health 400g,$7.20,$1.80 / 100G
Bounce High Protein Peanut Butter Jelly Cookie 65g,$4.50,$6.92 / 100G
Health Guru Cauliflower Puffs Salt & Vinegar 56g,$5.00,$8.93 / 100G
Lincon Vinyl Gloves All Purpose Low Powder M Clear 100 Box x50,$273.00,$54.60 / 1EA
Nature's Way Magnesium + Calcium Muscle & Bones 150 Pack,$30.00,$20.00 / 100EA
Nature's Way Restore Probiotic Gummies 60 Pack,$30.00,$0.50 / 1EA
Swisspers Cotton Tips 240 Pack,$4.80,$2.00 / 100EA
Macro Organic Corn Chips Natural 200g,$3.30,$1.65 / 100G
Panadol Rapid For Pain Relief Paracetamol 500 Mg 20 Pack,$6.00,$0.30 / 1EA
Vege Chips Multi 12 Pack 250g,$8.00,$3.20 / 100G
Woolworths Sesame Seeds 100g,$1.10,$11.00 / 1KG
Macro Black Chia Seeds 350g,$6.40,$1.83 / 100G
Woolworths Cashews Roasted & Salted 750g Pack,$10.00,$13.33 / 1KG
Woolworths Almonds Kernels 750g Pack,$9.90,$13.20 / 1KG
Kialla Pure Organic Wholegrain Spelt Flour 700g,$11.99,$11.99 / 1EA
Centrum Centrum Kids Immune Fuel 50 Pack,$16.00,$32.00 / 100EA
I Am Grounded Caffeinated Energy Espresso Peanut Butter & Fruit Bar 45g,$4.00,$8.89 / 100G
Melrose Mct Oil Brain Power 250ml,$15.00,$6.00 / 100ML
Nature's Own Plant Based Omega 3 Capsules 125 Pack,$24.00,$0.19 / 1EA
"Nature's Own Super Vitamin B Complex With Biotin, B3, B6 & B12 150 Pack",$37.00,$24.67 / 100EA
Nature's Way Beauty Collagen Shots 50ml X10 Pack,$24.50,$4.90 / 100ML
Nicorette Quit Smoking Regular Strength Nicotine Gum Icy Mint 150 Pack,$50.00,$33.33 / 100EA
Qsilica Original Silica Liquid 500ml,$35.95,$7.19 / 100ML
Bosisto's Nasal Inhaler Eucalyptus 1g,$6.00,$60.00 / 10G
Claratyne Hayfever Allergy Relief Antihistamine Tablets 5 Pack,$8.00,$1.60 / 1EA
Health Guru Cauliflower Puffs Just Bbq 56g,$5.00,$8.93 / 100G
Keep It Cleaner Protein Powder Salted Caramel 375g,$33.00,$8.80 / 100G
Kez's Kitchen Mini Bites Chocolate Brownie 125g,$7.00,$5.60 / 100G
Ki Immune Defence & Energy Formula Tablets 45 Pack,$25.00,$55.56 / 100EA
Macro Soy Lecithin Granules 250g,$10.00,$4.00 / 100G
Nicabate Quit Smoking Extra Fresh Mint Gum 4 Mg 100 Pack,$31.00,$31.00 / 100EA
Vogel's Vogels Gut Health 400g,$7.20,$1.80 / 100G
Bounce High Protein Peanut Butter Jelly Cookie 65g,$4.50,$6.92 / 100G
Health Guru Cauliflower Puffs Salt & Vinegar 56g,$5.00,$8.93 / 100G
Lincon Vinyl Gloves All Purpose Low Powder M Clear 100 Box x50,$273.00,$54.60 / 1EA
Nature's Way Magnesium + Calcium Muscle & Bones 150 Pack,$30.00,$20.00 / 100EA
Nature's Way Restore Probiotic Gummies 60 Pack,$30.00,$0.50 / 1EA
Swisspers Cotton Tips 240 Pack,$4.80,$2.00 / 100EA
Macro Organic Corn Chips Natural 200g,$3.30,$1.65 / 100G
Panadol Rapid For Pain Relief Paracetamol 500 Mg 20 Pack,$6.00,$0.30 / 1EA
Vege Chips Multi 12 Pack 250g,$8.00,$3.20 / 100G
Woolworths Sesame Seeds 100g,$1.10,$11.00 / 1KG
Macro Black Chia Seeds 350g,$6.40,$1.83 / 100G
Woolworths Cashews Roasted & Salted 750g Pack,$10.00,$13.33 / 1KG
Woolworths Almonds Kernels 750g Pack,$9.90,$13.20 / 1KG
Nature's Way Vitamin D3 1000iu Soft Capsules 300 Pack,$25.00,$8.33 / 100EA
New Nordic Blue Berry Eyebright 60 Tablets,$53.95,$89.92 / 100EA
Nicaway Nicaway Stop Smoking Mint Gum 2mg 96 Pack,$20.00,$0.21 / 1EA
Nicorette Quit Smoking Regular Strength Nicotine Gum Spearmint 150 Pack,$50.00,$33.33 / 100EA
The Kids Breakfast Shake Chocolate 420g,$27.95,$6.65 / 100G
Codral Mucus Cough + Cold Oral Liquid 200ml,$11.00,$5.50 / 100ML
Compeed Cold Sore Patch Total Care Invisible 15 Pack,$16.00,$1.07 / 1EA
Freedom Active Balance Apple & Sultana Multigrain Flakes 400g,$7.50,$1.88 / 100G
Health Lab Mini Mix Mylk Chocolate Bars 150g,$14.00,$9.33 / 100G
Herron Nicaway Stop Smoking Mini Lozenges 2mg 108 Pack,$42.00,$38.89 / 100EA
Musashi Tribulus+ 60 Capsules,$20.49,$34.15 / 100EA
Nature's Own High Strength Magnesium Muscle Health Tablets 150 Pack,$38.00,$0.25 / 1EA
Nature's Way Ashwagandha Gummies Berry Flavoured Pastilles 50 Pack,$30.00,$60.00 / 100EA
No Ugly Libido 250ml,$4.50,$18.00 / 1L
Sasy n Savy Rosemary (Rosmarinus Officinalis) Essential Oil 12mL,$23.00,$191.67 / 100ML
The Carob Kitchen Carob Vegan Bar 2 x 80g,$13.90,$8.69 / 100G
The Kids Shaker Each,$7.95,
Thompson's One-a-day Celery 5000mg 60 Capsules,$28.19,$46.98 / 100EA
Voost Plus Mental Focus Orange Effervescent Tablets 20 Pack,$15.00,$75.00 / 100EA
Blackmores Superkids Multi Chewables 60 Tablets,$16.99,$28.32 / 100EA
Fisiocrem Solugel 120g,$20.00,$16.67 / 100G
Happy Way Whey Protein Powder Chocolate 500g,$51.95,
Metamucil Natural Granular Fibre Powder 114 Doses 798g,$35.60,$4.46 / 100G
Natures Way Magnesium Gel + Arnica 100g,$10.00,$10.00 / 100G
Swisspers Cotton Tips 240 Pack,$4.80,$2.00 / 100EA
Macro Organic Corn Chips Natural 200g,$3.30,$1.65 / 100G
Panadol Rapid For Pain Relief Paracetamol 500 Mg 20 Pack,$6.00,$0.30 / 1EA
Vege Chips Multi 12 Pack 250g,$8.00,$3.20 / 100G
Woolworths Sesame Seeds 100g,$1.10,$11.00 / 1KG
Macro Black Chia Seeds 350g,$6.40,$1.83 / 100G
Woolworths Cashews Roasted & Salted 750g Pack,$10.00,$13.33 / 1KG
Woolworths Almonds Kernels 750g Pack,$9.90,$13.20 / 1KG
Opti-free Replenish 300ml,$19.10,$6.37 / 100ML
Surviv-a-Wrap Crepe Bandage 7.5cm x 4m x147,$208.37,$141.75 / 100EA
Well Naturally Dark Chocolate No Sugar Added Bar 45g,$3.15,$7.00 / 100G
Bisolvon Cough Relief + Immune Support Cough Syrup 100ml,$10.00,$10.00 / 100ML
Blackmores Run Down Rescue 30 Tablets,$19.99,$0.67 / 1EA
Cellucor C4 Ripped Sport Arctic Snow Cone 246g,$50.00,$1.67 / 1EA
Crankt Premium Protein Shake Chocolate Honeycomb 400ml,$5.50,$13.75 / 1L
Fodbods Double Choc Bar 50g,$4.50,$9.00 / 100G
Imuni Immune Defence 60 Pack,$44.95,$74.92 / 100EA
Niulife Organic Bbq Coconut Amino Sauce Extra Thick 250ml,$7.50,$3.00 / 100ML
Protein Supplies Aust Wpi (Whey Protein Isolate) Pure 1kg,$85.95,$8.60 / 100G
Swisse Marine Collagen Skin Hydration Powder 120g,$45.00,
Voost Magnesium Forte Lemon Effervescent Tablets 10 Pack,$9.60,$96.00 / 100EA
Bsc Body Science Low Carb Mousse Protein Dessert Chocoholic 400g,$35.00,$8.75 / 100G
BSc Body Science Triandrobol Test Alpha Series 60tablets,$44.06,
Codral Plus Duo Relief Sore Throat Lozenges & Cold & Flu Tablets 20 Pack,$16.65,$16.65 / 1EA
Eden Healthfoods Ultimate Protein Sprouted Brown Rice Vanilla 1kg,$79.95,$8.00 / 100G
Health Lab Low Sugar Mylk Chocolate Diamonds Hazelnut 150g,$12.00,$8.00 / 100G
Inner Health Digestive Defence Probiotics 30 Pack,$33.00,$110.00 / 100EA
Mentholatum Low Odour Deep Heat Relief 100g,$6.00,$6.00 / 100G
Musashi Plant Protein Powder Chocolate 2kg,$70.19,$3.51 / 100G
Nature's Own Magnesium Chelate 500mg Muscle Health Capsules 300 Pack,$47.00,$15.67 / 100EA
Nature's Way Beauty Collagn Mature Skin Tablets 60 Pack,$36.00,$60.00 / 100EA
Swisspers Cotton Tips 240 Pack,$4.80,$2.00 / 100EA
Macro Organic Corn Chips Natural 200g,$3.30,$1.65 / 100G
Panadol Rapid For Pain Relief Paracetamol 500 Mg 20 Pack,$6.00,$0.30 / 1EA
Vege Chips Multi 12 Pack 250g,$8.00,$3.20 / 100G
Woolworths Sesame Seeds 100g,$1.10,$11.00 / 1KG
Macro Black Chia Seeds 350g,$6.40,$1.83 / 100G
Woolworths Cashews Roasted & Salted 750g Pack,$10.00,$13.33 / 1KG
Woolworths Almonds Kernels 750g Pack,$9.90,$13.20 / 1KG
Nature's Way Odourless Fish Oil 1000mg Soft Capsules 80 Pack,$12.00,$15.00 / 100EA
Quest Protein Bar - Birthday Cake 12pc 60g,$57.00,$4.75 / 1EA
The Healthy Mummy Tummy Chocolate Vanilla Variety 14 Pack,$43.99,$5.61 / 100G
Blackmores Sleep Sound Magnesium 187.5g,$41.49,$22.13 / 100G
Ceres Organic Sliced Beetroot No Added Sugar 330g,$5.00,$1.52 / 100G
Duro-tuss Relief Chesty Cough 200ml,$16.50,$8.25 / 100ML
Fess Little Noses Spray 15ml,$12.25,$81.67 / 100ML
Hydralyte Hot Hydration Berry Fusion Electrolyte Powder Sachets 10 Pack,$14.00,$1.40 / 1EA
Jshealth Protein + Probiotics Protein Powder Chocolate Brownie 300g,$34.95,$11.65 / 100G
Mylanta Antacid Heartburn Relief Fast Chews 24 Pack,$9.00,$0.38 / 1EA
Nicabate Chewing Gum 2mg 200 Pack,$44.00,$22.00 / 100EA
Nicabate Quit Smoking Extra Fresh Mint Gum 2 Mg 30 Pack,$13.75,$0.46 / 1EA
Noway Collagen Bar Birthday Cake 45g,$4.95,$11.00 / 100G
Systane Lubricant Eye Gel Gel Drops 10ml,$14.50,$14.50 / 1EA
Bsc Body Science Low Carb Mousse Protein Dessert White Choc Hokey Pokey 400g,$35.00,$8.75 / 100G
Chief Nutrition Beauty Food Collagen Cookie Peanut Nutter 30g,$4.00,$13.33 / 100G
Deep Heat Neck & Joint Heat Patches 2 Pack,$10.00,$5.00 / 1EA
Deep Heat Sports Pain Relief Spray 100g,$12.50,$12.50 / 100G
Freedom Active Balance Almond & Cashew Multigrain Flakes Cereal 400g,$7.50,$1.88 / 100G
Herron Nicaway Stop Smoking Mini Lozenges 4mg 108 Pack,$42.00,$38.89 / 100EA
Hydralyte Hot Hydration Drink Lemon Ginger 10 Pack,$14.00,$1.40 / 1EA
Lacteeze Tablets 120 Pack,$27.95,$23.29 / 100EA
Musashi Muscle Recovery Protein Shake Chocolate Box 6 x 375ml,$24.25,$6.47 / 100ML
Swisspers Cotton Tips 240 Pack,$4.80,$2.00 / 100EA
Macro Organic Corn Chips Natural 200g,$3.30,$1.65 / 100G
Panadol Rapid For Pain Relief Paracetamol 500 Mg 20 Pack,$6.00,$0.30 / 1EA
Vege Chips Multi 12 Pack 250g,$8.00,$3.20 / 100G
Woolworths Sesame Seeds 100g,$1.10,$11.00 / 1KG
Macro Black Chia Seeds 350g,$6.40,$1.83 / 100G
Woolworths Cashews Roasted & Salted 750g Pack,$10.00,$13.33 / 1KG
Woolworths Almonds Kernels 750g Pack,$9.90,$13.20 / 1KG
Nicorette Quit Smoking Extra Strength Nicotine Gum Spearmint 150 Pack,$50.00,$0.33 / 1EA
Niulife Organic Naked Coconut Amino Sauce Extra Thick 250ml,$7.50,$3.00 / 100ML
Rocktape RockSauce Fire Roll-On Muscle Cream 3oz,$26.10,$26.10 / 1EA
Vital Organic Greens 200g,$27.45,$13.73 / 100G
Vitawerx Protein White Chocolate Bar Raspberry Macadamia Box 12 x 35g,$59.40,$14.14 / 100G
Amazonia Raw Beauty Collagen Glow Peach Passionfruit 200g,$37.95,$18.98 / 100G
Aussie Bodies Lo Carb Chocolate Milk Choc Crisp 90g,$5.60,$6.22 / 100G
Bsc Body Science Clean Greens Superfoods Tropical 150g,$25.00,$16.67 / 100G
Bsc Body Science High Protein Low Carb Bar Multi-pack Rich Milk Chocolate 60g X 5pk,$19.00,$6.33 / 100G
Breathe Right Nasal Strips 30 Pack,$28.00,$0.93 / 1EA
Dandies Vegan Vanilla Marshmallows Mini Size 283g,$14.95,$5.28 / 100G
Fodmapped Minestrone Soup 500g,$8.90,$1.78 / 100G
Isowhey VLCD (Very Low Calorie Diet) & Collagen Shake French Vanilla 18x55g,$23.99,$2.42 / 100G
Jshealth Vitality X Plus Collagen Collagen Nourish & Glow 180g,$70.00,
Keep It Cleaner Collagen Protein Powder Dutch Chocolate 330g,$24.50,$7.42 / 100G
Musashi High Protein Chocolate Milkshake 2kg,$99.44,$4.97 / 100G
Musashi High Protein Shake Vanilla Box 6 x 375ml,$21.55,$5.75 / 100ML
Sprout Organic Plant Protein Shake Junior Chocolate Milkshake 660g,$49.95,$7.57 / 100G
Audiplugs Soft Foam Comfort & Sleep Earplugs 8 Pack,$9.90,$1.24 / 1EA
Epzen Relax Magnesium Body Lotion 100ml,$14.00,$14.00 / 100ML
Haircare Bear Sweet Dreams 60gummies,$15.00,$25.00 / 100EA
Kialla Pure Organic Protein Smoothie Vanilla 600g,$28.20,$4.70 / 100G
Musashi Plant Protein Powder Vanilla 2kg,$99.44,$4.97 / 100G
Nature's Way Vitamin C 500mg 125 Pack,$12.00,$9.60 / 100EA
Swisspers Cotton Tips 240 Pack,$4.80,$2.00 / 100EA
Macro Organic Corn Chips Natural 200g,$3.30,$1.65 / 100G
Panadol Rapid For Pain Relief Paracetamol 500 Mg 20 Pack,$6.00,$0.30 / 1EA
Vege Chips Multi 12 Pack 250g,$8.00,$3.20 / 100G
Woolworths Sesame Seeds 100g,$1.10,$11.00 / 1KG
Macro Black Chia Seeds 350g,$6.40,$1.83 / 100G
Woolworths Cashews Roasted & Salted 750g Pack,$10.00,$13.33 / 1KG
Woolworths Almonds Kernels 750g Pack,$9.90,$13.20 / 1KG
Nicabate Quit Smoking Extra Fresh Mint Gum 4 Mg 30 Pack,$13.75,$0.46 / 1EA
Nicorette Quit Smoking Regular Strength Nicotine Gum Classic 75 Pack,$31.50,$42.00 / 100EA
Nurofen Meltlets Ibuprofen 200mg For Pain Relief Berry Burst 12 Pack,$6.00,$0.50 / 1EA
Pbco Almond Flour Premium Australian 800g,$24.95,$24.95 / 1EA
Tom & Luke Dose & Co Collagen Bar Caramel 50g,$2.50,$5.00 / 100G
Vicks Non Contact Infrared Body Thermometer Each,$66.40,$66.40 / 1EA
Voost Hydrate Lemon + Lime Effervescent Tablets 20 Pack,$9.60,$0.48 / 1EA
Bsc Body Science Shred Protein Powder Vanilla 800g,$55.00,$6.88 / 100G
Cenovis Folic Acid 500mcg 150Tablets,$6.99,$4.66 / 100EA
Centrum Kids Multi Fuel Pineapple Pop 50 Pack,$16.00,$32.00 / 100EA
Elastoplast Green & Protect Sustainable Eco Friendly Plasters 20 Pack,$4.00,$0.20 / 1EA
Fodbods Lemon & Coconut Bar 50g,$4.50,$9.00 / 100G
Help@hand Hot & Cold Gel Pack Each,$7.00,$7.00 / 1EA
Js Health Protein Bar Double Choco Chip 45g,$4.50,$10.00 / 100G
Kialla Pure Organic Spelt Flour 700g,$11.99,$11.99 / 1EA
Mentholatum Sprays Ice Cool 150ml,$13.90,$9.27 / 100ML
Musashi Bulk Extreme Protein Powder Vanilla Milkshake 2kg,$99.44,$4.97 / 100G
Musashi Shred And Burn Protein Shake Chocolate Box 6 x 375ml,$24.25,$6.47 / 100ML
Nature's Own Curcumin Capsules For Joint Health 30 Pack,$25.00,$0.83 / 1EA
Nature's Own Magnesium+ Energy Effervescent With B Vitamins & Caffeine 20 Pack,$12.00,$12.00 / 1EA
Nature's Own Magnesium+ Muscle Effervescent With High Strength Magnesium 20 Pack,$12.00,$12.00 / 1EA
Natures Way High Strength Calcium + Vitamin D Adult Gummies 60 Pack,$25.00,$41.67 / 100EA
Nicorette Quit Smoking Regular Strength Nicotine Gum Classic 150 Pack,$50.00,$33.33 / 100EA
Nyal Paracetamol Plus Caffeine 20 Pack,$6.00,$0.30 / 1EA
Swisspers Cotton Tips 240 Pack,$4.80,$2.00 / 100EA
Macro Organic Corn Chips Natural 200g,$3.30,$1.65 / 100G
Panadol Rapid For Pain Relief Paracetamol 500 Mg 20 Pack,$6.00,$0.30 / 1EA
Vege Chips Multi 12 Pack 250g,$8.00,$3.20 / 100G
Woolworths Sesame Seeds 100g,$1.10,$11.00 / 1KG
Macro Black Chia Seeds 350g,$6.40,$1.83 / 100G
Woolworths Cashews Roasted & Salted 750g Pack,$10.00,$13.33 / 1KG
Woolworths Almonds Kernels 750g Pack,$9.90,$13.20 / 1KG
Oil Garden Sleep 100% Pure Essential Oil Blend 12ml,$17.00,$141.67 / 100ML
Qsilica Original Silica Twin Pack Liquid 2X500ml,$55.90,$11.18 / 100ML
Sup Calm & Relax Ashwagandha Pastille Gummies 30 Pack,$20.00,$0.67 / 1EA
Tea Gardens Sparkling Apple Cider Vinegar Apple 350ml,$29.90,$7.12 / 1L
Vital Proteins Marine Collagen Unflavoured 221g,$58.00,$26.24 / 100G
Atkins Day Break Bar Chocolate Chip Crisp 5x37g,$14.00,$7.57 / 100G
Atkins Endulge Cherry Coconut 34g,$15.00,$3.00 / 1EA
Atkins Low Carb Endulge Bar - Turkish Delight 15pc 30g,$52.00,$3.47 / 1EA
Bsc Body Science Leanest Low Carb High Protein Bar Multi-pack Cookies & Cream 30g X 7pk,$19.00,$9.05 / 100G
Bellamy's Organic Veggie Macaroni 175g,$3.90,$2.23 / 100G
Celebrity Slim Cheat Day Chocolate 7 Pack,$5.50,$7.86 / 100G
Dj&a Crispy Broccolli Florets Snack 45g,$6.00,
Difflam Soothing Drops+ Immune Support Elderberry With Manuka Honey 42 Pack,$8.40,$0.20 / 1EA
Fess Sinu-Cleanse Nasal & Sinus Mist 100ml,$17.95,$17.95 / 100ML
Fodmapped Roasted Pumpkin Spinach & Feta 500g,$8.90,$1.78 / 100G
Gaviscon Extra Strength For Acid Reflux Relief Peppermint Liquid 300ml,$15.50,$5.17 / 100ML
Metamucil Daily Fibre Supplement Natural Granular Coarse 72 Doses 504g,$29.90,$5.93 / 100G
Nature's Own Magnesium+ Skin Effervescent With Collagen & Biotin 20 Pack,$12.00,$0.60 / 1EA
Nicorette Quit Smoking Extra Strength Nicotine Gum Freshfruit 75 Pack,$31.50,$0.42 / 1EA
Nicorette Quit Smoking Extra Strength Nicotine Gum Icy Mint 75 Pack,$31.50,$42.00 / 100EA
Phytologic Anthogenol 30 Pack,$87.00,$290.00 / 100EA
Thompson's Vitamin A 10000iu 150 Capsules,$26.49,$17.66 / 100EA
Winners Energy Gel Espresso Flavour 4 Pack,$8.50,$4.72 / 100G
Swisspers Cotton Tips 240 Pack,$4.80,$2.00 / 100EA
Macro Organic Corn Chips Natural 200g,$3.30,$1.65 / 100G
Panadol Rapid For Pain Relief Paracetamol 500 Mg 20 Pack,$6.00,$0.30 / 1EA
Vege Chips Multi 12 Pack 250g,$8.00,$3.20 / 100G
Woolworths Sesame Seeds 100g,$1.10,$11.00 / 1KG
Macro Black Chia Seeds 350g,$6.40,$1.83 / 100G
Woolworths Cashews Roasted & Salted 750g Pack,$10.00,$13.33 / 1KG
Woolworths Almonds Kernels 750g Pack,$9.90,$13.20 / 1KG
Bare Blends Bare Whey WPI 750g,$69.99,$9.33 / 100G
Blackmores Echinacea Liquid 50ml,$23.49,$46.98 / 100ML
Blackmores Executive B Stress Formula 62 Tablets,$27.00,$43.55 / 100EA
Dandies Vegan Vanilla Marshmallows Regular Size 283g,$14.95,$5.28 / 100G
Deep Heat Night Soothing Cream 100g,$8.35,$8.35 / 100G
Dencorub Dual Action Cream Ice To Heat 100g,$7.90,$7.90 / 100G
Duro-tuss Relief Dry Cough 200ml,$16.50,$8.25 / 100ML
Elastoplast Sensitive Plasters For Wound Protection Dark Skin Tone 20 Pack,$4.00,$20.00 / 100EA
Flo Saline Plus Nasal Spray 30ml,$13.00,$43.33 / 100ML
Health Lab Low Sugar Caramel Chocolate Diamonds Peanut Butter 150g,$12.00,$8.00 / 100G
Jshealth Green Collagen Nourish & Re-energise 195g,$60.00,$30.77 / 100G
Loving Earth Cream & Cookies Chocolate 45g,$5.50,$12.22 / 100G
Musashi Creatine Unflavoured 350g,$44.99,$12.85 / 100G
Musashi Vanilla Protein Wafer Box 12 x 40g,$47.88,$9.98 / 100G
Nicabate Quit Smoking Extra Fresh Mint Gum 2 Mg 100 Pack,$31.00,$31.00 / 100EA
Optrex Advance Preservative Free Tired Eye Drops 10ml,$14.00,$140.00 / 100ML
Pbco. Protein Cookies Mix Plant Protein,$15.95,$26.58 / 100ML
Unichi Rosehip Extract 1500Mg Complex 60 cap,$37.95,$63.25 / 100EA
Vital Strength Sport Performance Protein Chocolate 630g,$52.00,$8.25 / 100G
Well Naturally Collagen No Sugar Added Chocolate Bars 45g X 4 Pack,$12.00,$6.67 / 100G
Bsc Body Science Vegan Collagen Protein Powder Natural Vanilla 600g,$55.00,$9.17 / 100G
Hab Shifa Tq+ Activated Black Seed Oil Vegecapsules 120 Capsules,$49.95,$41.63 / 100EA
Swisspers Cotton Tips 240 Pack,$4.80,$2.00 / 100EA
Macro Organic Corn Chips Natural 200g,$3.30,$1.65 / 100G
Panadol Rapid For Pain Relief Paracetamol 500 Mg 20 Pack,$6.00,$0.30 / 1EA
Vege Chips Multi 12 Pack 250g,$8.00,$3.20 / 100G
Woolworths Sesame Seeds 100g,$1.10,$11.00 / 1KG
Macro Black Chia Seeds 350g,$6.40,$1.83 / 100G
Woolworths Cashews Roasted & Salted 750g Pack,$10.00,$13.33 / 1KG
Woolworths Almonds Kernels 750g Pack,$9.90,$13.20 / 1KG
Happy Way Vegan Protein Powder Chocolate 1kg,$85.95,$8.60 / 100G
Life Botanics Stress and Anxiety 60capsules,$14.99,$24.98 / 100EA
Melrose High Strength Turmeric Superblend 120g,$30.00,$25.00 / 100G
Musashi Chocolate Protein Wafer Box 12 x 40g,$47.88,$9.98 / 100G
Noway Collagen Jelly Bar 60g,$4.95,
Nutra Organics Veggie Hero 200g,$35.96,$17.98 / 100G
Protein Supplies Aust Creatine (Monohydrate) Pure 200g,$23.95,$11.98 / 100G
Pure Product Australia Meal Replacement Shake Vanilla 1000g,$39.95,$4.00 / 100G
SNAXX Keto Custard Mix 4 Pack - Bundle x 2,$23.90,$11.95 / 1EA
St John First Aid Kit Each,$24.65,$24.65 / 1EA
The Mood Food Co Natural Wellbeing Bars Apple 5 Pack,$7.50,$6.00 / 100G
Advil Liquid Capsules Ibuprofen Pain & Fever Relief 10 Pack,$3.50,$0.35 / 1EA
Amazing Oils Magnesium Gel + Msm Natural Relief Roll-On 60ml,$22.95,$38.25 / 100ML
Atp Science Thyroid Rx 90 Capsules,$49.95,$55.50 / 100EA
Bsc Body Science High Protein Low Carb Plant Bar Cookies & Cream 45g,$4.50,$10.00 / 100G
Centrum Kids Incremin Iron 200ml,$22.99,$11.50 / 100ML
D3 Light Eab Spandex Bandage 7.5m Each,$10.00,$10.00 / 1EA
Ease A Cold & Flu Relief 18 Pack,$11.50,$0.64 / 1EA
Elastoplast Sensitive Kids Plasters Xl For Wound Healing 10 Pack,$6.00,$0.60 / 1EA
Hydralyte Ready To Drink Electrolyte Solution Apple Blackcurrant 1l,$15.65,$1.57 / 100ML
Keep It Cleaner Plant Based Protein Powder Dark Choc Coconut Flavour 375g,$23.10,$6.16 / 100G
Keep It Cleaner Protein Powder Vanilla Marshmallow 375g,$33.00,$8.80 / 100G
Koda Berry Banana Gel Box 24pack,$48.00,$2.00 / 1EA
Metamucil Orange Smooth 425g X 2 Pack,$46.50,$5.47 / 100G
Swisspers Cotton Tips 240 Pack,$4.80,$2.00 / 100EA
Macro Organic Corn Chips Natural 200g,$3.30,$1.65 / 100G
Panadol Rapid For Pain Relief Paracetamol 500 Mg 20 Pack,$6.00,$0.30 / 1EA
Vege Chips Multi 12 Pack 250g,$8.00,$3.20 / 100G
Woolworths Sesame Seeds 100g,$1.10,$11.00 / 1KG
Macro Black Chia Seeds 350g,$6.40,$1.83 / 100G
Woolworths Cashews Roasted & Salted 750g Pack,$10.00,$13.33 / 1KG
Woolworths Almonds Kernels 750g Pack,$9.90,$13.20 / 1KG
Musashi Pre Workout Tropical Punch 225g,$30.09,$13.37 / 100G
Nature's Own St John's Wort 2700mg 40Tablets,$12.99,$0.32 / 1EA
Neat Feat Products Limited 3b Cream 100g,$21.00,$21.00 / 100G
No Ugly Skin Juice 250ml,$4.50,$18.00 / 1L
Nutralife Fish Oil 1000Mg 400Capsules,$21.69,
Nutralife L-Lysine 1200Mg 60 Tablets,$18.19,$30.32 / 100EA
Nyal Nasal Decongestant Tablets 24 Pack,$9.60,$0.40 / 1EA
SNAXX Keto Pastry Mix 4 Pack - Bundle x 2,$23.90,$11.95 / 1EA
Supercharged Food Earth&Sea Beauty Silica + Iodine & Iron 60capsules,$34.95,$58.25 / 100EA
Tea Gardens Sparkling Apple Cider Vinegar Lime 350ml,$29.90,$7.12 / 1L
The Healthy Mummy Apple Cider Vinegar Film Coated Tablets 60 Pack,$40.00,$66.67 / 100EA
BSc Body Science Green Tea TX100 Lemon Lime 60 X 3g,$49.45,
BSc Body Science Green Tea TX100 Super Berry 60 X 3g,$49.45,
Blackmores Fall Asleep 30 Pack,$27.00,$90.00 / 100EA
Deep Heat Lower Back & Hip Heating Belt Each,$10.00,$10.00 / 1EA
Happy Way Whey Protein Powder Banana 500g,$51.95,
Healthy Care Super Lysine Cold Sore Relief 1000Mg 100 Capsules,$10.07,$10.07 / 100EA
Hydralyte Colour Free Lemonade 1l,$15.65,$1.57 / 100ML
Inner Health Daily Immune Probiotics 30 Pack,$33.00,$110.00 / 100EA
IsoWhey Complete Ivory Coast Chocolate 672g,$22.19,$3.30 / 100G
King Island Manuka Honey Mgo 514+ Gift Box 250g,$80.00,$80.00 / 1EA
Lady Shake Vegan Meal Replacement Variety Pack 14 Pack,$55.00,$7.02 / 100G
Metamucil Daily Fibre Supplement Lemon Lime Smooth 72 Doses 425g,$29.90,$7.04 / 100G
Swisspers Cotton Tips 240 Pack,$4.80,$2.00 / 100EA
Macro Organic Corn Chips Natural 200g,$3.30,$1.65 / 100G
Panadol Rapid For Pain Relief Paracetamol 500 Mg 20 Pack,$6.00,$0.30 / 1EA
Vege Chips Multi 12 Pack 250g,$8.00,$3.20 / 100G
Woolworths Sesame Seeds 100g,$1.10,$11.00 / 1KG
Macro Black Chia Seeds 350g,$6.40,$1.83 / 100G
Woolworths Cashews Roasted & Salted 750g Pack,$10.00,$13.33 / 1KG
Woolworths Almonds Kernels 750g Pack,$9.90,$13.20 / 1KG
Nicorette Quit Smoking Regular Strength Fresh Fruit Gum 2mg 75 Pack,$31.50,$0.42 / 1EA
Nurofen Meltlets Ibuprofen 200mg For Pain Relief Citrus 24 Pack,$10.00,$0.42 / 1EA
Nutra Organics Choc Whiz 250g,$35.96,$14.38 / 100G
Nutralife Ester-C + Bioflavonoids 50 Tablets,$20.99,$41.98 / 100EA
Oricom 02SD Digital Baby Bath Thermometer Duck w/ Temperature Alert 0m+,$29.66,$29.66 / 1EA
Power Super Foods Lucuma Powder Cert Organic,$19.95,$10.78 / 100G
SNAXX Keto Fries 2 Pack - Bundle x 3,$22.95,$7.65 / 1EA
Spiderman Bandages Adhesive Bandages Plasters 100pc,$20.70,$4.14 / 1EA
Thompson's One-a-day Tribulus 20000mg 120 Vegi,$87.09,
Thompson's Organic Magnesium 120 Tablets,$44.89,$37.41 / 100EA
Tom & Luke Snack Balls Zesty Lemon 374g,$12.00,$3.21 / 100G
Aero Healthcare Modulator 4 Series Softpack Workplace First Aid Kit,$157.00,$157.00 / 1EA
Atkins Low Carb 310g Advantage Shake Mix - Vanilla,$32.00,$10.32 / 100G
Bsc Body Science High Protein Low Carb Plant Bar Peanut Choc 45g,$4.50,$10.00 / 100G
Bsc Body Science Mousse Low Carb Bar Passionfruit Cheesecake 55g,$4.50,$8.18 / 100G
Bare Blends Bare Glow 150g,$37.99,
Blackmores Evening Primrose Oil + Fish Oil Capsules 100 Pack,$40.00,$40.00 / 100EA
Celebrity Slim Program Booty Burner Chocolate 10g X7 Pack,$5.50,$7.86 / 100G
Connect Foods Roasted Pumpkin Seeds Pink Himalayan Salt 125g 6pc,$36.00,$36.00 / 1EA
Duro-tuss Relief Cough Plus Cold & Flu 200ml,$16.50,$8.25 / 100ML
Fine Fettle Broc & Cauli Rice 50g,$7.00,$14.00 / 100G
Jshealth Protein Bar Cinnamon Spice Nourish & Digestion 45g,$4.50,$10.00 / 100G
Js Health Beauty Bar Peanut Butter Crunch 45g,$4.50,$10.00 / 100G
Swisspers Cotton Tips 240 Pack,$4.80,$2.00 / 100EA
Macro Organic Corn Chips Natural 200g,$3.30,$1.65 / 100G
Panadol Rapid For Pain Relief Paracetamol 500 Mg 20 Pack,$6.00,$0.30 / 1EA
Vege Chips Multi 12 Pack 250g,$8.00,$3.20 / 100G
Woolworths Sesame Seeds 100g,$1.10,$11.00 / 1KG
Macro Black Chia Seeds 350g,$6.40,$1.83 / 100G
Woolworths Cashews Roasted & Salted 750g Pack,$10.00,$13.33 / 1KG
Woolworths Almonds Kernels 750g Pack,$9.90,$13.20 / 1KG
Ki Cold & Flu Day/night Formula Tablets 30 Pack,$18.00,$60.00 / 100EA
Macro Chia Black 350g x 6pk,$36.40,$17.33 / 1KG
Metamucil Wild Berry Smooth Fibre Powder 114 Doses 673g,$41.90,$6.23 / 100G
Nature's Own Magnesium+ Energy Effervescent With B Vitamins & Caffeine 60 Pack,$30.00,$30.00 / 1EA
Nature's Way Kids Smart Vita Gummies Vitamin D Pastilles 50 Pack,$21.00,$42.00 / 100EA
Nicabate Clear Patch 21mg 14 Pack,$43.00,$3.07 / 1EA
Nicorette Quit Smoking Extra Strength Nicotine Gum Classic 75 Pack,$31.50,$42.00 / 100EA
Nutra Nourished Organic Turmeric Extract 95% Curcumin with Black Pepper - 270 Vegan Caps,$78.53,$29.09 / 100EA
Nutra Nourished Sports Energy Drink Electrolyte Turmeric Extract 95% Curcumin Powder Leomon Flavour - 250g Pack,$15.43,$6.17 / 100G
Nutralife Celery 60Capsules,$18.19,
Proganics Organic Whey Protein Trial Pack 90g,$20.99,$23.32 / 100G
Vital Proteins Collagen Peptides Sachets 20 x 10g,$57.00,$28.50 / 100G
Vitawerx Protein Milk Chocolate Bar Box 12 x 35g,$59.40,$14.14 / 100G
Xtreme Nitrile Gloves Powder Free L Black 100 Box x20,$473.55,$236.78 / 1EA
At Health Australia Organic Plant Based Protein Vanilla & Almond 450g,$59.95,$13.32 / 100G
Audisol Ear Cleansing Spray 50ml,$18.90,$37.80 / 100ML
Bsc Body Science Jelly Protein Raspberry 400g,$35.00,$8.75 / 100G
BSc Body Science Low Carb Mousse Protein Dessert Caramel Hokey Pokey 400g,$33.25,$8.31 / 100G
Blackmores Bio C 500 Sustained Release 200 Tablets,$53.49,$26.75 / 100EA
Blackmores Bio C Powder 125g,$30.00,$24.00 / 100G
Cenovis Mega Calcium + D 200tablets,$17.49,$8.75 / 100EA
Clif Energy Bar Chocolate Brownie Box 12 x 68g,$33.50,$4.11 / 100G
Difflam Plus Triple Action Wild Berry Flavour 32 Pack,$15.00,$0.47 / 1EA
Dreambaby Non-Contact Rapid Response Infrared Forehead Thermometer,$92.00,$92.00 / 1EA
Swisspers Cotton Tips 240 Pack,$4.80,$2.00 / 100EA
Macro Organic Corn Chips Natural 200g,$3.30,$1.65 / 100G
Panadol Rapid For Pain Relief Paracetamol 500 Mg 20 Pack,$6.00,$0.30 / 1EA
Vege Chips Multi 12 Pack 250g,$8.00,$3.20 / 100G
Woolworths Sesame Seeds 100g,$1.10,$11.00 / 1KG
Macro Black Chia Seeds 350g,$6.40,$1.83 / 100G
Woolworths Cashews Roasted & Salted 750g Pack,$10.00,$13.33 / 1KG
Woolworths Almonds Kernels 750g Pack,$9.90,$13.20 / 1KG
Healthy Care High Strength Curcumin 60tablets,$23.99,$39.98 / 100EA
IsoWhey Complete Strawberry 672g,$22.19,$3.30 / 100G
Kapowder Multivitamin Greens Vitality 150g,$24.00,$16.00 / 100G
Livingstone Tubular Bandage Size J Small Trunks 1 Box x8,$383.46,$47.93 / 1EA
Locako Keto Electrolytes Raspberry 90g,$29.95,$33.28 / 100G
Mageze Magnesium Flakes 500g,$10.00,$2.00 / 100G
Mentholatum Deep Heat Roll-on 50ml,$12.50,$25.00 / 100ML
Musashi Milk Chocolate Brownie High Protein Bar Box 12 x 90g,$71.88,$6.66 / 100G
"Musashi Plant Protein Vanilla, Vegan Friendly, 900g",$52.00,$5.78 / 100G
Nature's Way High Potency B Complex 75 Pack,$12.00,$16.00 / 100EA
Natures Way Activated Curcumin Joint Eze 50capsules,$35.99,$71.98 / 100EA
Oil Garden Breathe 100% Pure Essential Oil Blend 12ml,$17.00,$141.67 / 100ML
Quest Protein Bar - White Chocolate Raspberry 12pc 60g,$57.00,$4.75 / 1EA
Sensous Edge Delay Gel For Men 7ml,$25.00,
Sensuous Raging Bull For Men 100ml,$25.00,$25.00 / 100ML
Skin Shield Latex Gloves Powder Free Long Cuff XL Cream 100 Box x30,$481.95,
Surgical Basics Scar Reducing Silicon Sheet 3 Pack 12x6cm,$29.99,$10.00 / 1EA
Surviv-a-Wrap Crepe Bandage 7.5cm x 4m 12 Pack x12,$196.56,$16.38 / 1EA
Universal Crepe Bandage 10cm x 1.8m x57,$122.69,$215.25 / 100EA
Virafree Disposable Protective Face Mask Black 50pcs,$19.95,$19.95 / 1EA
Xtreme Nitrile Gloves Powder Free M Black 100 Box x20,$473.55,$236.78 / 1EA
Xtreme Nitrile Gloves Powder Free S Black 100 Box x20,$473.55,$236.78 / 1EA
Atkins Advantage Chocolate Raspberry 5x30g,$14.00,$9.33 / 100G
Atkins Advantage Low Carb Caramel Chocolate Nut Roll Bars 44g 15pc,$56.00,$3.73 / 1EA
Swisspers Cotton Tips 240 Pack,$4.80,$2.00 / 100EA
Macro Organic Corn Chips Natural 200g,$3.30,$1.65 / 100G
Panadol Rapid For Pain Relief Paracetamol 500 Mg 20 Pack,$6.00,$0.30 / 1EA
Vege Chips Multi 12 Pack 250g,$8.00,$3.20 / 100G
Woolworths Sesame Seeds 100g,$1.10,$11.00 / 1KG
Macro Black Chia Seeds 350g,$6.40,$1.83 / 100G
Woolworths Cashews Roasted & Salted 750g Pack,$10.00,$13.33 / 1KG
Woolworths Almonds Kernels 750g Pack,$9.90,$13.20 / 1KG
Baby Studio Colour Changing Thermometer Night Light RA502,$42.00,
Bambury Channel Hot Water Bottle Eucalyptus,$47.95,$2.40 / 100ML
Beepower Manuka Lozenges Lemon 40 Pack,$13.95,$7.34 / 100G
Blackmores Daily Immune Action 60 Pack,$25.00,$41.67 / 100EA
Blackmores Vitamin B6 Tablets 40 Pack,$12.00,$30.00 / 100EA
Connect Foods Keto Ground Coffee Coffee 200g,$16.00,$8.00 / 100G
Ener-C Raspberry Effervescent Multivitamin Drink 12 sachets,$10.40,$0.87 / 1EA
Fab Iron Liquid 200ml,$17.80,$8.90 / 100ML
Frank Simple Collagen Beauty Boost Pomegranate Sachets 28 Pack,$40.00,$142.86 / 100EA
Frank Simple Gut Restore Prebiotic Collagen Vanilla Bean Tub 260g,$40.00,$15.38 / 100G
Happy Way Charge Up Green Apple 300g,$72.95,$24.32 / 100G
Healtheries Milk Bites Strawberry 50bites,$12.45,$24.90 / 100EA
I Am Grounded Caffeinated Energy Blueberry Macadamia & Coffee Fruit Bar 45g,$4.00,$8.89 / 100G
I Am Grounded Caffeinated Energy Salted Caramel & Coffee Fruit Bar 45g,$4.00,$8.89 / 100G
Isocol Multipurpose Antiseptic Rubbing Alcohol Spray 75ml 3PK,$27.00,$9.00 / 1EA
Isowhey Chocolate Hazelnut Collagen Shake 490g,$20.40,$4.16 / 100G
Kialla Pure Organic Protein Smoothie Cacao 600g,$28.20,$4.70 / 100G
Koda Orange Electrolyte Tube 20Tablets,$15.20,$15.20 / 1EA
Life Botanics Men's Hair Loss + Testosterone 60Tablets,$20.00,$33.33 / 100EA
Macy And Tailor Plantain Chips Chilli Lime 85g,$5.50,$6.47 / 100G
Melrose High Strength Fish Oil 200ml,$34.96,$17.48 / 100ML
Morlife Complete Gut Restore Tropical Mango 200g,$43.95,$21.98 / 100G
Musashi Choc Peanut Protein Crisp Bar Box 12 x 60g,$53.88,$7.48 / 100G
Swisspers Cotton Tips 240 Pack,$4.80,$2.00 / 100EA
Macro Organic Corn Chips Natural 200g,$3.30,$1.65 / 100G
Panadol Rapid For Pain Relief Paracetamol 500 Mg 20 Pack,$6.00,$0.30 / 1EA
Vege Chips Multi 12 Pack 250g,$8.00,$3.20 / 100G
Woolworths Sesame Seeds 100g,$1.10,$11.00 / 1KG
Macro Black Chia Seeds 350g,$6.40,$1.83 / 100G
Woolworths Cashews Roasted & Salted 750g Pack,$10.00,$13.33 / 1KG
Woolworths Almonds Kernels 750g Pack,$9.90,$13.20 / 1KG
Musashi Intra Workout Purple Grape 350g,$49.99,$14.28 / 100G
Nature's Own Executive Stress B Vitamins For Stress Support 150 Pack,$37.00,$0.28 / 1EA
Natures Way Beauty Collagen + Hyaluronic Acid Tablets 60 Pack,$40.00,$66.67 / 100EA
Nicorette Quit Smoking Nicotine 16 Hour Invisipatch Step 2 15mg 7 Pack,$33.00,$4.71 / 1EA
Nutralife Digestive Enzymes 60Capsules,$27.99,
Pain Away Ultra Pro Joint Muscle Pain Relief Cream 125g,$24.00,$19.20 / 100G
Parachoc Stool Softner 200ml,$9.60,$4.80 / 100ML
Pbco. Protein Banana Bread Plant Protein,$15.95,$26.58 / 100ML
Purple Moon Heating Pad Heat Pack - Wheat Bag 40x15cm Blue,$31.90,$31.90 / 1EA
Slimstyles Meal Replacement Shake Chocolate 750g,$64.95,$8.66 / 100G
Thankfully Nourished Organic Grass Fed Liver 180 Capsules,$49.95,$27.75 / 100EA
Unichi Pre & Probiotics Gummy 60 gummies,$37.95,$63.25 / 100EA
Virafree Disposable Protective Face Mask Pink 50pcs,$19.95,$19.95 / 1EA
Virafree Type IIR 4 Ply Surgical Mask - 50pcs,$24.95,$49.90 / 100EA
Xtreme Nitrile Gloves Powder Free XL Black 100 Box x20,$473.55,
Aerpro First Choice Non-Contact Infrared Forehead Thermometer,$95.00,$95.00 / 1EA
Amazing Oils Epsom Salts Detox Bath Soak 1kg,$12.00,$1.20 / 100G
Amazing Oils Magnesium Sleep Lotion 125ml,$34.95,$27.96 / 100ML
At Health Australia Organic Plant Based Protein Choc Caramel Fudge 450g,$59.95,$13.32 / 100G
Atkins Caramel Chocolate Nut Roll 5 Pack,$17.00,
Atkins Day Break Bar Cappuccino 5x37g,$14.00,$7.57 / 100G
Aussie Bodies Keto Wafer Cookies & Cream Box 12 x 35g,$43.09,$10.26 / 100G
Bsc Body Science Low Carb Mousse Protein Dessert Cookies & Cream 400g,$35.00,$8.75 / 100G
Swisspers Cotton Tips 240 Pack,$4.80,$2.00 / 100EA
Macro Organic Corn Chips Natural 200g,$3.30,$1.65 / 100G
Panadol Rapid For Pain Relief Paracetamol 500 Mg 20 Pack,$6.00,$0.30 / 1EA
Vege Chips Multi 12 Pack 250g,$8.00,$3.20 / 100G
Woolworths Sesame Seeds 100g,$1.10,$11.00 / 1KG
Macro Black Chia Seeds 350g,$6.40,$1.83 / 100G
Woolworths Cashews Roasted & Salted 750g Pack,$10.00,$13.33 / 1KG
Woolworths Almonds Kernels 750g Pack,$9.90,$13.20 / 1KG
Beurer HK53 Cosy: Back And Neck Heat Pad,$99.95,$99.95 / 1EA
Biogenesis Super Greens Mixed Berries 18sachets,$36.95,$2.05 / 1EA
Blue Stripes Whole Cacao Choc Bar Hazelnut Butter 60g,$8.00,$13.33 / 100G
Bounce High Protein Cookie Strawberry Lamington 65g,$4.50,$6.92 / 100G
Clif Energy Bar Chocolate Chip Box 68g x 12pack,$33.50,$4.11 / 100G
Daily Ritual Energy Blend Mixed Berry 150g,$13.00,$8.67 / 100G
Difflam Dual Action Antibacterial Honey Lemon 32 Pack,$12.00,$0.38 / 1EA
Eco Pain Therapeutic Heat 4Patches,$6.57,$1.64 / 1EA
Fab Iron 60Tablets,$21.60,$36.00 / 100EA
Food For Health Digestive Restore Muesli 425g,$7.00,$1.65 / 100G
Go Healthy Glucosamine + Daily 60 Capsules,$15.39,$25.65 / 100EA
Grenade Carb Killa Bar Birthday Cake 60g,$4.80,$8.00 / 100G
Happy Way Whey Protein Powder Coffee 500g,$51.95,
Happy Way Whey Protein Powder Salted Caramel 500g,$51.95,$10.39 / 100G
Healthy Care Keto Accelerator Cap 60 Capsules,$14.87,$24.78 / 100EA
Help@hand Hayfever Loratadine Liquid Capsules 10 Pack,$9.50,$0.95 / 1EA
Hydralyte Liquid Strawberry Kiwi 250ml X4 Pack,$18.00,$1.80 / 100ML
Isowhey Complete Madagascar Vanilla 672g,$22.19,$3.30 / 100G
Isowhey Mens Shake Vanilla 840g,$29.99,$3.57 / 100G
Livingstone Construction First Aid Kit 1-25 People x2,$598.50,$299.25 / 1EA
Livingstone First Aid Kit Class A 1-100 People x1,$380.31,
Livingstone First Aid Kit Class A 100+ People x1,$224.86,$224.86 / 1EA
Melrose Green Biotic Gut Support Blend 120g,$25.00,$20.83 / 100G
Swisspers Cotton Tips 240 Pack,$4.80,$2.00 / 100EA
Macro Organic Corn Chips Natural 200g,$3.30,$1.65 / 100G
Panadol Rapid For Pain Relief Paracetamol 500 Mg 20 Pack,$6.00,$0.30 / 1EA
Vege Chips Multi 12 Pack 250g,$8.00,$3.20 / 100G
Woolworths Sesame Seeds 100g,$1.10,$11.00 / 1KG
Macro Black Chia Seeds 350g,$6.40,$1.83 / 100G
Woolworths Cashews Roasted & Salted 750g Pack,$10.00,$13.33 / 1KG
Woolworths Almonds Kernels 750g Pack,$9.90,$13.20 / 1KG
Melrose Immune Guard powder 80g,$14.37,$17.96 / 100G
Mentholatum Ice Cold Patches 4 Pack,$10.00,$20.00 / 100G
Musashi Electrolytes  Watermelon 300g,$26.99,$9.00 / 100G
Nature's Own Chromium Picolinate 400mcg 200Tablets,$12.49,$6.25 / 100EA
Nature's Own Triple Strength Garlic + C + Horseradish 100Tablets,$16.49,$16.49 / 100EA
Nutra Organics Berry Immune 200g,$35.96,$17.98 / 100G
Nutralife Probiotica Daily Health 30 Capsules,$18.19,$0.61 / 1EA
Proline Breathalyser Drink Buddy BT-1,$159.95,$159.95 / 1EA
Protein Supplies Aust L-Glutamine (Plant-Based) Pure 200g,$42.95,$21.48 / 100G
Pure Product Australia Vegan Protein ( Pea & Rice ) Unflavoured 1000g,$39.95,$4.00 / 100G
Qwik-Ice Instant Cold Ice Pack Medium Each x26,$74.77,
SNAXX Keto Cauli Mash 4 Pack - Bundle x 2,$23.90,$11.95 / 1EA
SNAXX Keto Lemon Mini Cheesecakes - Bundle x 3,$24.95,$8.32 / 1EA
The Kids Breakfast Shake Strawberry 420g,$27.95,$6.65 / 100G
Unichi Rose Collagen Gummy 60 gummies,$35.95,$59.92 / 100EA
Unichi Women's Multi-Nutrient Gummy 60gummies,$37.95,$75.90 / 100EA
Zen Sports Spray 125ml,$34.45,$27.56 / 100ML
Amazing Oils Epsom Salts Detox Bath Soak Pure Magnesium Sulphate 3kg,$19.50,$6.50 / 1KG
Amazing Oils Magnesium Daily Spray 200ml,$27.95,$13.98 / 100ML
Amazonia Raw Protein Isolate Vanilla 390g,$39.95,$10.24 / 100G
Aussie Bodies Lo Carb Bar Peanut Butter Fudge 4 x 30g,$10.00,$8.33 / 100G
Aussie Bodies Lo Carb Chocolate Salted Caramel 90g,$5.60,$6.22 / 100G
Aussie Bodies Lo Sugar Bar Crunch Rocky Road 12 x 33g,$32.30,$8.16 / 100G
Swisspers Cotton Tips 240 Pack,$4.80,$2.00 / 100EA
Macro Organic Corn Chips Natural 200g,$3.30,$1.65 / 100G
Panadol Rapid For Pain Relief Paracetamol 500 Mg 20 Pack,$6.00,$0.30 / 1EA
Vege Chips Multi 12 Pack 250g,$8.00,$3.20 / 100G
Woolworths Sesame Seeds 100g,$1.10,$11.00 / 1KG
Macro Black Chia Seeds 350g,$6.40,$1.83 / 100G
Woolworths Cashews Roasted & Salted 750g Pack,$10.00,$13.33 / 1KG
Woolworths Almonds Kernels 750g Pack,$9.90,$13.20 / 1KG
BSc Body Science Low Carb Mousse Protein Dessert Cookie Butter 400g,$33.25,$8.31 / 100G
Bsc Body Science Pre-workout Coffee 150g,$25.00,$16.67 / 100G
Beepower Manuka Lozenges Black Elderberry 40 Pack,$12.75,$6.71 / 100G
Celebrity Slim Program 5 Day Assorted Pack Dairy Free Shake 40g X15 Pack,$20.00,$3.33 / 100G
Dose & Co Beauty Collagen Mixed Berry 200g,$52.00,$26.00 / 100G
Dr Wheatgrass Super Balm 160ml,$40.00,$25.00 / 100ML
Ease A Cold Tablets Day & Night 30 Pack,$14.50,$0.48 / 1EA
Fat Blaster Snack Bars Chocolate Crunch 5 Pack,$13.00,$2.60 / 1EA
Healthy Care Bioactive Collagen Powder 120g,$16.31,$13.59 / 100G
IsoWhey Complete Banana 672g,$22.19,$3.30 / 100G
Kobayashi Kiribai Waist Warming Heating Pads 5pcs *2Pack,$22.49,$2.25 / 1EA
Koda Cocoa Berry Energy Bar Box 12pack,$37.60,$3.13 / 1EA
Life Botanics DeBloat and Detox 60Tablets,$20.00,$33.33 / 100EA
Livingstone Sterile Gauze Swabs 7.5x7.5cm 5 Pack 500 Box x5,$467.25,$93.45 / 1EA
Morlife Complete Gut Restore Berry Melon 200g,$43.95,$21.98 / 100G
Nature's Way Kids Smart Vita Gummies Eye Health 50 Pack,$25.99,$51.98 / 100EA
Nature's Way Magnesium Quick Chews Tablets 30 Pack,$20.00,$0.67 / 1EA
Natures Way Greens+ 60Gummies,$19.99,$33.32 / 100EA
Protein Supplies Aust Spark (Pre-Workout) Straw & Passionfruit 250g,$40.95,$16.38 / 100G
Pure Product Australia Beta Alanine Powder 500g,$45.00,$9.00 / 100G
Pure Product Australia Pre Workout  Lemon 300g,$29.95,$9.98 / 100G
Swisspers Cotton Tips 240 Pack,$4.80,$2.00 / 100EA
Macro Organic Corn Chips Natural 200g,$3.30,$1.65 / 100G
Panadol Rapid For Pain Relief Paracetamol 500 Mg 20 Pack,$6.00,$0.30 / 1EA
Vege Chips Multi 12 Pack 250g,$8.00,$3.20 / 100G
Woolworths Sesame Seeds 100g,$1.10,$11.00 / 1KG
Macro Black Chia Seeds 350g,$6.40,$1.83 / 100G
Woolworths Cashews Roasted & Salted 750g Pack,$10.00,$13.33 / 1KG
Woolworths Almonds Kernels 750g Pack,$9.90,$13.20 / 1KG
Pure Product Australia Vegan Protein ( Pea & Rice ) Chocolate 1000g,$39.95,$4.00 / 100G
SNAXX Keto Choc Protein Balls 4 Pack - Bundle x 2,$23.90,$11.95 / 1EA
SNAXX Keto Chocolate Mousse 4 Pack - Bundle x 2,$23.90,$11.95 / 1EA
Sasy n Savy Tea Tree (Melaleuca Alternifolia) Essential Oil 12mL,$29.00,$241.67 / 100ML
Skyn Arouse For Him Libido Supplement Tablets 60 Pack,$40.00,$133.33 / 100EA
Sofeel Vinyl Gloves All Purpose Powder Free L Blue 100 Box x60,$283.50,$47.25 / 1EA
Sofeel Vinyl Gloves All Purpose Powder Free M Blue 100 Box x60,$283.50,$47.25 / 1EA
Sofeel Vinyl Gloves All Purpose Powder Free XL Blue 100 Box x60,$283.50,$47.25 / 1EA
Sugar Coated Wax Soothing Mist 100ml,$13.95,$13.95 / 100ML
Tavice Emergency Survival Equipment Kit Sports Tactical Hiking Camping,$47.98,$47.98 / 1EA
Vital Proteins Collagen Creamer Vanilla Flavour 300g,$45.00,$15.00 / 100G
Amazing Oils Magnesium Daily Bath Flakes 800g,$15.00,$1.88 / 100G
Amazing Oils Magnesium Daily Gel Roll-On 60ml,$19.95,$33.25 / 100ML
Annies 100% Fruit Bars 24 Pack 480g,$42.75,$85.50 / 1KG
Atkins Low Carb Day Break Bar - Chocolate Chip 15pc 37g,$47.00,$3.13 / 1EA
Atkins Low Carb White Choc Swiss Roll 30g,$3.00,$10.00 / 100G
Aussie Bodies Lo Carb Bar Whipped Chocolate 4 x 30g,$10.00,$8.33 / 100G
BSc Body Science Collagen Protein Bar 60g Choc Coconut Box,$48.60,
BSc Body Science K-OS Pre-Workout Blue Gummies 300g,$31.50,$10.50 / 100G
Babyhood Fish Bath Thermometer,$9.95,$9.95 / 1EA
Beurer HK125 Super XXL Personal Heat Pad,$129.95,$129.95 / 1EA
Beurer HK49 Super Cosy Abdominal & Back Heat Pad,$99.95,$99.95 / 1EA
Blackmores Beauty Sleep Soft Capsules 30 Pack,$27.00,$90.00 / 100EA
Blackmores Joint Formula With Glucosamine & Chondroitin 120 Tablets,$73.00,$60.83 / 100EA
Swisspers Cotton Tips 240 Pack,$4.80,$2.00 / 100EA
Macro Organic Corn Chips Natural 200g,$3.30,$1.65 / 100G
Panadol Rapid For Pain Relief Paracetamol 500 Mg 20 Pack,$6.00,$0.30 / 1EA
Vege Chips Multi 12 Pack 250g,$8.00,$3.20 / 100G
Woolworths Sesame Seeds 100g,$1.10,$11.00 / 1KG
Macro Black Chia Seeds 350g,$6.40,$1.83 / 100G
Woolworths Cashews Roasted & Salted 750g Pack,$10.00,$13.33 / 1KG
Woolworths Almonds Kernels 750g Pack,$9.90,$13.20 / 1KG
Cellucor C4 Sport Powder Watermelon 285g,$48.00,$16.84 / 100G
Cenovis Men's Once Daily Multivitamin Capsules 50 Pack,$17.85,$35.70 / 100EA
Ceres Natural Kelp Salt 250g,$7.00,$2.80 / 100G
CleanFit Plant Protein Shake Vanilla 385g,$39.95,$10.38 / 100G
Clif Energy Bar Cool Mint Choc (49Mg Caffeine) Box 12 x 68g,$33.50,$4.11 / 100G
Codral Plus Mucus Cough Liquid 150ml & Cold & Flu Tablets 20 Pack,$20.00,$20.00 / 1EA
Crampfix Rapid Mouth Spray Sour Cherry Flavour 30ml,$17.50,$58.33 / 100ML
Difflam Soothing Drops+ Immune Support Honey & Lemon Flavour 42 Pack,$8.40,$0.20 / 1EA
Eco Pain Headache Patches 4pack,$10.00,$2.50 / 1EA
Eden Healthfoods Ultimate Protein Sprouted Brown Rice Vanilla 400g,$44.95,$11.24 / 100G
Frank Simple Greens Vital Daily Nutrients Mango & Papaya Tub 210g,$40.00,$19.05 / 100G
GO Healthy Pro Ashwagandha Stress 60capsules,$31.99,
Garniche79 Dehydrated Strawberry Petals - Drink and Cake Decoration 30g,$31.95,"$1,065.00 / 1KG"
Go Healthy Calcium 1-A-Day 120 Capsules,$37.09,$30.91 / 100EA
Grenade Carb Killa Bar White Chocolate Salted Peanut 60g,$4.80,$8.00 / 100G
Gutbiome Advanced Synbiotic 90capsules,$79.95,$88.83 / 100EA
Haircarebear Hyaluronic Acid 60gummies,$15.00,$25.00 / 100EA
Healthwise Inositol 300g,$48.95,$16.32 / 100G
Healthy Care Mega B 200 Capsules,$25.43,$12.72 / 100EA
Imuni Magnesium Citrate Oral Powder 100g,$39.95,
IsoWhey Plant-Based Meal Replacement Shake Chocolate 550g,$20.99,$3.82 / 100G
Kapowder Plant Based Protein Strength 220g,$22.00,$10.00 / 100G
Kiwiherb Childrens Echinature Organic 50ml,$27.90,$558.00 / 1L
Life Botanics Hyaluronic Acid + Skin Hydration 60capsules,$20.00,$33.33 / 100EA
Swisspers Cotton Tips 240 Pack,$4.80,$2.00 / 100EA
Macro Organic Corn Chips Natural 200g,$3.30,$1.65 / 100G
Panadol Rapid For Pain Relief Paracetamol 500 Mg 20 Pack,$6.00,$0.30 / 1EA
Vege Chips Multi 12 Pack 250g,$8.00,$3.20 / 100G
Woolworths Sesame Seeds 100g,$1.10,$11.00 / 1KG
Macro Black Chia Seeds 350g,$6.40,$1.83 / 100G
Woolworths Cashews Roasted & Salted 750g Pack,$10.00,$13.33 / 1KG
Woolworths Almonds Kernels 750g Pack,$9.90,$13.20 / 1KG
Lincon Vinyl Gloves All Purpose Powder Free L Clear 100 Box x50,$283.50,$56.70 / 1EA
Loving Earth Caramel Chocolate 80g 2pack,$12.95,$8.09 / 100G
Mageze Magnesium Body Wash 500ml,$9.00,$1.80 / 100ML
Man Shake Vegan Meal Replacement Variety Pack 14 Pack,$55.00,$7.02 / 100G
Me Today Magnesium 60capsules,$37.99,$63.32 / 100EA
Morlife Clever Kidz 150g,$29.95,$19.97 / 100G
Musashi Bulk Protein  Vanilla Milkshake 900g,$57.99,$6.44 / 100G
Musashi Choc Mint Protein Crisp Bar Box 12 x 60g,$53.88,$7.48 / 100G
Musashi Shred & Burn Vanilla Milkshake 900g,$67.99,$7.55 / 100G
Natures Way Natural Protein Chocolate 375g,$22.49,$6.00 / 100G
Natures Way Natural Protein Vanilla 375g,$22.49,$6.00 / 100G
Natures Way Slim Right Strawberry 500g,$20.99,$4.20 / 100G
Nicorette Quit Smoking Quickmist Nicotine Mouth Spray Freshmint 150 Pack,$40.00,$40.00 / 1EA
Nurofen Meltlets Ibuprofen 200mg For Pain Relief Citrus 12 Pack,$6.00,$0.50 / 1EA
Nutra Nourished Fossil Shell Flour Gluten Free Food Grade Food Grade for improved gut health - 250g Pack,$20.90,$8.36 / 100G
Nutra Organics Captain Calm 200g,$35.96,$17.98 / 100G
Nutra Organics Thriving Protein Cacao Choc 450g,$54.95,$12.21 / 100G
Nutralife Magnesium Hi-Zorb 60Capsules,$18.19,
Paw Patrol Omega 3 Gummies 120 Pack,$35.00,$29.17 / 100EA
Pbco Almond Meal Premium Australian 800g,$23.45,$23.45 / 1EA
Power Super Foods Beetroot Powder - Origin Cert Organic,$39.95,$23.50 / 100G
Proline Breathalyser Drink Buddy BT-2,$239.95,$239.95 / 1EA
Purple Moon Microwavable Heat Pack Wheat Bag XL 25x50cm Grey,$56.95,$56.95 / 1EA
Purple Moon Migraine Relief Cap - Headache Ice Pack Gel Infused Wrap - Hot or Cold,$26.99,$26.99 / 1EA
Swisspers Cotton Tips 240 Pack,$4.80,$2.00 / 100EA
Macro Organic Corn Chips Natural 200g,$3.30,$1.65 / 100G
Panadol Rapid For Pain Relief Paracetamol 500 Mg 20 Pack,$6.00,$0.30 / 1EA
Vege Chips Multi 12 Pack 250g,$8.00,$3.20 / 100G
Woolworths Sesame Seeds 100g,$1.10,$11.00 / 1KG
Macro Black Chia Seeds 350g,$6.40,$1.83 / 100G
Woolworths Cashews Roasted & Salted 750g Pack,$10.00,$13.33 / 1KG
Woolworths Almonds Kernels 750g Pack,$9.90,$13.20 / 1KG
Quest Bar Choc Chip Cookie Dough 60g Protein Bars 20pc,$87.00,$4.35 / 1EA
Rochway Beauty Sleep Biorestore Liquid Forest Berry Flavour 240ml,$59.95,$24.98 / 100ML
Skin Shield Latex Gloves Powder Free Long Cuff S Cream 100 Box x30,$439.43,$146.48 / 1EA
Sofeel Vinyl Gloves All Purpose Powder Free S Blue 100 Box x30,$135.45,$45.15 / 1EA
Swisse Beauty Hair Nutrition For Women 60capsules,$33.49,$55.82 / 100EA
Swisse Fast Acting Vitamin D3 90 Pack,$14.00,$0.16 / 1EA
Swisse Menopause Balance 60tablets,$45.99,$76.65 / 100EA
The Healthy Mummy Tummy Bloat Hard Capsules 60 Pack,$40.00,$66.67 / 100EA
The Physic Garden Vapour Rub 25g,$14.95,$59.80 / 100G
Universal Vinyl Gloves All Purpose Powder Free M Blue 100 Box x50,$283.50,$56.70 / 1EA
Universal Vinyl Gloves All Purpose Powder Free S Blue 100 Box x50,$283.50,$56.70 / 1EA
Aerpro Infrared Non-Contact Forehead Thermometer,$59.00,$59.00 / 1EA
Amazing Oils Magnesium Active Bath Flakes 800g,$20.00,$2.50 / 100G
Amazing Oils Magnesium Daily Gel Pure Magnesium Gel 60ml,$12.00,$20.00 / 100ML
Amazing Oils Magnesium Sleep Lotion With Lavender & Chamomile 60ml,$15.00,$25.00 / 100ML
Amazonia RawFit Plant Protein Perform&Recover Rich Chocolate 500g,$44.95,$8.99 / 100G
Atp Science Zmag 90 Capsules,$27.96,$31.07 / 100EA
Aussie Bodies Lo Sugar Bar Crunch Choc Peanut Box 12 x 33g,$32.29,$8.15 / 100G
BSc Body Science Essential Amino BCAA Fuel Lemon Lime 270g,$25.86,$9.58 / 100G
BSc Body Science Myocytin Raspberry 1.2kg,$54.76,$4.56 / 100G
BSc Body Science Shred Ultra Advanced Tropicana 300g,$65.20,$21.73 / 100G
BSc Body Science Ultra Beauty Collagen Coffee 210g,$26.05,$12.40 / 100G
Bambury Channel Hot Water Bottle 2L Shell,$47.95,$47.95 / 1EA
Beepower Manuka Lozenges Ginger Lemon 40 Pack,$13.95,$7.34 / 100G
Swisspers Cotton Tips 240 Pack,$4.80,$2.00 / 100EA
Macro Organic Corn Chips Natural 200g,$3.30,$1.65 / 100G
Panadol Rapid For Pain Relief Paracetamol 500 Mg 20 Pack,$6.00,$0.30 / 1EA
Vege Chips Multi 12 Pack 250g,$8.00,$3.20 / 100G
Woolworths Sesame Seeds 100g,$1.10,$11.00 / 1KG
Macro Black Chia Seeds 350g,$6.40,$1.83 / 100G
Woolworths Cashews Roasted & Salted 750g Pack,$10.00,$13.33 / 1KG
Woolworths Almonds Kernels 750g Pack,$9.90,$13.20 / 1KG
Beurer BC28 Wrist Blood Pressure Monitor,$79.95,$79.95 / 1EA
Beurer HD75 Nordic Super Cosy Heated Throw - Grey,$149.95,$149.95 / 1EA
Blackmores Ache Relief + Focus Tablets 30 Pack,$25.00,$83.33 / 100EA
Blackmores Omega Triple Super Strength Fish Oil 150 Capsules,$69.99,$46.66 / 100EA
Chicco Forehead Infrared Thermometer Thermo Family 0m+,$115.00,$115.00 / 1EA
CleanFit Plant Protein Shake Chocolate 385g,$39.95,$10.38 / 100G
Clevinger 258 Piece Premium 2-in-1 Emergency First Aid Kit ARTG Registered Australia,$60.99,$60.99 / 1EA
Clif Energy Bar White Chocolate Macadamia Box 12 x 68g,$33.50,$4.11 / 100G
Connect Foods Paw Patrol Gummies Fruit & Veg Lime Flavoured 300g 120pc,$45.00,$45.00 / 1EA
Daily Ritual Gut Health Tropical Flavour 150g,$13.00,$8.67 / 100G
Daily Ritual Immunity Blend Orange 150g,$13.00,$8.67 / 100G
Daily Ritual Inner Glow Mixed Berry 150g,$13.00,$8.67 / 100G
Daily Ritual Recovery Blend Orange 150g,$13.00,$8.67 / 100G
Dimetapp Kids Cough Plus Immune 200ml,$15.00,$7.50 / 100ML
Dose & Co Beauty Marine Collagen Unflavoured 200g,$52.00,$26.00 / 100G
Dreambaby Bath Tub Bathing/Shower Thermometer - Fish,$18.00,$18.00 / 1EA
"Easeacold Kids Cough, Cold & Flu Liquid Berry Flavour 180ml",$20.00,$11.11 / 100ML
EasyAir Air Purifier with Medical Grade Filter Each,$628.95,$628.95 / 1EA
Eco Pain Arthritis Pain Relief 6Patches,$8.41,$1.40 / 1EA
Eden Healthfoods Wild C Natural Vitamin C Powder,$49.95,$33.30 / 100G
Elevit Breastfeeding 60capsules,$39.41,$65.68 / 100EA
First Aid Kits Australia Snake Bite First Aid Kit Emergency Survival Treatment Camping/Country/Rural/Bush,$25.00,$25.00 / 1EA
Fusspot Collagen Beauty Tea's Miss You Matcha collagen infused green matcha tea blend 390g,$34.95,$8.96 / 100G
GO Healthy Pro Activated B Complex 60capsules,$29.24,$48.73 / 100EA
Swisspers Cotton Tips 240 Pack,$4.80,$2.00 / 100EA
Macro Organic Corn Chips Natural 200g,$3.30,$1.65 / 100G
Panadol Rapid For Pain Relief Paracetamol 500 Mg 20 Pack,$6.00,$0.30 / 1EA
Vege Chips Multi 12 Pack 250g,$8.00,$3.20 / 100G
Woolworths Sesame Seeds 100g,$1.10,$11.00 / 1KG
Macro Black Chia Seeds 350g,$6.40,$1.83 / 100G
Woolworths Cashews Roasted & Salted 750g Pack,$10.00,$13.33 / 1KG
Woolworths Almonds Kernels 750g Pack,$9.90,$13.20 / 1KG
Go Healthy Mussel Nz Green Lipped Mussel 520Mg 180 Capsules,$35.69,$19.83 / 100EA
Go Healthy Olive Leaf 20000 Plus 60 Capsules,$29.04,$48.40 / 100EA
Go Healthy Vitamin D3 1000Iu 150 Capsules,$21.69,$14.46 / 100EA
Hab Shifa Immuneq Junior Orange Flavour Chewable Tablets 60tablets,$21.95,$36.58 / 100EA
Hab Shifa Immuneq Organic Black Seed Tablets With Vit C & Zinc 120 capsules,$37.95,$31.63 / 100EA
Haircarebear Hyaluronic Acid Gummies 60 Pack,$30.00,$50.00 / 100EA
Healthy Care Olive Leaf Extract 3000Mg 100 Capsules,$20.15,$20.15 / 100EA
Ice20 Ice Therapy Elbow/Small Knee,$65.00,
Imuni Sleep + Mind Balance 60capsules,$69.95,
Imuni Vital D3 Vegan Vitamin D3 Oral Liquid 8ml,$39.95,
Isowhey Mens Shake Choc Caramel 840g,$29.99,$3.57 / 100G
Kao Heated Steam Eye Mask Lavender Flavor 12pcs&nbsp; X 3Pack,$57.99,$12.89 / 100EA
Kapowder Hyaluronic Hydration Enlighten 100g,$22.00,$22.00 / 100G
Koda Cappuccino Gel Box 24pack,$48.00,$2.00 / 1EA
Life Botanics Armour + Immune 60tablets,$20.00,$33.33 / 100EA
Life Botanics Energy and Hair 60tablets,$20.00,$33.33 / 100EA
Life Space Probiotic Oral Health Chewables 30 Pack,$40.00,$133.33 / 100EA
Lincon Vinyl Gloves All Purpose Low Powder L Clear 100 Box x50,$273.00,$54.60 / 1EA
Lincon Vinyl Gloves All Purpose Powder Free M Clear 100 Box x50,$283.50,$56.70 / 1EA
Lincon Vinyl Gloves All Purpose Powder Free S Clear 100 Box x50,$283.50,$56.70 / 1EA
Lincon Vinyl Gloves All Purpose Powder Free XL Clear 100 Box x50,$283.50,$56.70 / 1EA
Liv-Pore Microporous Paper Tape 25mm x 9m 12 Box x52,$543.27,"$1,044.75 / 100EA"
Liv-Sport Sport Tape Skin Tone 38mm x 13.7m Each x14,$96.21,
Liv-Wipe Mini Alcohol Wipes Prep Pad Gamma Sterile 100 Box x30,$62.25,
Swisspers Cotton Tips 240 Pack,$4.80,$2.00 / 100EA
Macro Organic Corn Chips Natural 200g,$3.30,$1.65 / 100G
Panadol Rapid For Pain Relief Paracetamol 500 Mg 20 Pack,$6.00,$0.30 / 1EA
Vege Chips Multi 12 Pack 250g,$8.00,$3.20 / 100G
Woolworths Sesame Seeds 100g,$1.10,$11.00 / 1KG
Macro Black Chia Seeds 350g,$6.40,$1.83 / 100G
Woolworths Cashews Roasted & Salted 750g Pack,$10.00,$13.33 / 1KG
Woolworths Almonds Kernels 750g Pack,$9.90,$13.20 / 1KG
Livingstone Ear Plugs Corded 100 Box x9,$566.53,$62.95 / 1EA
Livingstone Ear Plugs Uncorded 200 Box x9,$519.28,$57.70 / 1EA
Livingstone First Aid Kit Class B 11-99 People x1,$168.35,
Livingstone Medicine Measure Cup 30mL 100 Bag x 50 Box,$664.13,
Livingstone Medicine Tumbler Measure 60ml 20 Pack x98,$1008.42,"$1,008.42 / 1EA"
Livingstone Pill Crusher Pouch 52 x 120mm 1000 Box x6,$497.70,$82.95 / 1EA
Livingstone Sterile Gauze Swabs 7.5x7.5cm 3 Pack 1000 Box x3,$343.35,$114.45 / 1EA
Livingstone Vinyl Gloves All Purpose Low Powder L Clear 100 Box x50,$304.50,
Livingstone Vinyl Gloves All Purpose Low Powder M Clear 100 Box x50,$304.50,
Livingstone Vinyl Gloves All Purpose Powder Free L Clear 100 Box x50,$320.25,$64.05 / 1EA
Livingstone Vinyl Gloves All Purpose Powder Free M Clear 100 Box x50,$320.25,$64.05 / 1EA
Livingstone Vinyl Gloves All Purpose Powder Free S Clear 100 Box x50,$320.25,$64.05 / 1EA
Livingstone Vinyl Gloves All Purpose Powder Free XL Clear 100 Box x50,$320.25,$64.05 / 1EA
Manchester City Football Club EPL Adhesive Bandages Plasters 100pc,$20.70,$4.14 / 1EA
Melrose Essential Nutrients Balanced & Lean Sachets 30 x 3g,$24.46,$0.82 / 1EA
Morlife Greens Kidz 150g,$29.95,$19.97 / 100G
Musashi Bcaa 60 Capsules,$24.49,$40.82 / 100EA
Musashi Carnitine 60 Capsules,$20.49,$34.15 / 100EA
Musashi Glutamine Unflavoured 350g,$29.99,$8.57 / 100G
Musashi Peanut Butter High Protein Bar Box 12 x 90g,$71.88,$6.66 / 100G
My Organics Pecans 150g,$11.95,$11.95 / 1EA
Natural Evolution GH+ Green Banana Resistant Starch 3-In-1 Multifibre 400g,$34.95,$8.74 / 100G
Natural Life Propolis Candy Lemon & Honey Flavour 40Lozenges,$8.40,$0.21 / 1EA
Natural Life Propolis Capsules 2000mg 365Capsules,$40.60,$11.12 / 100EA
Swisspers Cotton Tips 240 Pack,$4.80,$2.00 / 100EA
Macro Organic Corn Chips Natural 200g,$3.30,$1.65 / 100G
Panadol Rapid For Pain Relief Paracetamol 500 Mg 20 Pack,$6.00,$0.30 / 1EA
Vege Chips Multi 12 Pack 250g,$8.00,$3.20 / 100G
Woolworths Sesame Seeds 100g,$1.10,$11.00 / 1KG
Macro Black Chia Seeds 350g,$6.40,$1.83 / 100G
Woolworths Cashews Roasted & Salted 750g Pack,$10.00,$13.33 / 1KG
Woolworths Almonds Kernels 750g Pack,$9.90,$13.20 / 1KG
Nature's Way Beauty Biotin Gummies 40 Pack,$22.00,$0.55 / 1EA
Naturopathica Fatblaster Keto Fit Coffee 85g,$25.79,$30.34 / 100G
"New Choice Frugurt Yogurt Style Snacks 45 cups, 1.575kg",$31.49,$1.99 / 100G
Nutra Nourished 100% Organic Neem Seed Oil Cold Pressed for improved skin - topical use only - 50ml,$14.93,$29.86 / 100ML
Nutra Nourished Organic Ashwagandha - Withania Somnifera - 120 Vegan Caps,$29.43,$24.53 / 100EA
Nutra Nourished Organic Ginger Capsules with Black Pepper - Anti-Inflammatory - 90 Vegan Caps / New,$36.90,$41.00 / 100EA
Nutra Nourished Pure MSM Methyl Sulfonyl Methane for improved skin and nails- 60 Vegan Caps,$25.93,$43.22 / 100EA
Nutralife Probiotica Extra Care 75B 14Capsules,$18.19,
Pana Natra Joint Pain Relief Tablets 30 Pack,$15.00,$0.50 / 1EA
Pananatra Muscle Pain Capsules 30 Pack,$15.00,$0.50 / 1EA
Pananatra Sleep & Pain Relief 30 Pack,$15.00,$0.50 / 1EA
Paw Patrol Fruit & Veg Gummies 120 Pack,$35.00,$29.17 / 100EA
Pilbeam Living Abode Cotton Long Heat Pack - Sage/Taupe 41cm,$35.96,$35.96 / 1EA
Power Super Foods Crunchy Inca Golden berries Certified Organic,$20.95,$0.70 / 1EA
Proline Breathalyser Replacement Mouth Pieces BT-20MP 20 Pack,$29.95,$1.50 / 1EA
Protein Supplies Aust Alcar (Acetyl L-Carnitine) Pure 200g,$39.95,$19.98 / 100G
Protein Supplies Aust Peapro (Raw Pea Protein) Pure 1kg,$56.95,$5.70 / 100G
Pure Sports Nutrition Electrolyte Hydration Sachet - Pineapple 25x45g,$86.25,$8.21 / 100G
Qwik-Ice Instant Cold Pack 18 x 11cm 20 Pack x9,$357.21,$39.69 / 1EA
Sasy n Savy Ylang Ylang (Cananga Odorata) Essential Oil 12mL,$35.00,$291.67 / 100ML
Sensuous Pleasure Gel Frenzy Extreme For Women 7ml,$25.00,$357.14 / 100ML
Skin Shield Latex Gloves Low Powder 6.0 50 Box x6,$415.49,
Skin Shield Latex Gloves Low Powder 7.0 50 Box x6,$415.49,
Skin Shield Latex Gloves Low Powder 7.5 50 Box x6,$415.49,
Swisspers Cotton Tips 240 Pack,$4.80,$2.00 / 100EA
Macro Organic Corn Chips Natural 200g,$3.30,$1.65 / 100G
Panadol Rapid For Pain Relief Paracetamol 500 Mg 20 Pack,$6.00,$0.30 / 1EA
Vege Chips Multi 12 Pack 250g,$8.00,$3.20 / 100G
Woolworths Sesame Seeds 100g,$1.10,$11.00 / 1KG
Macro Black Chia Seeds 350g,$6.40,$1.83 / 100G
Woolworths Cashews Roasted & Salted 750g Pack,$10.00,$13.33 / 1KG
Woolworths Almonds Kernels 750g Pack,$9.90,$13.20 / 1KG
Skin Shield Latex Gloves Powder Free Long Cuff L Cream 100 Box x30,$439.43,$146.48 / 1EA
Skin Shield Latex Gloves Powder Free Long Cuff M Cream 100 Box x30,$439.43,$146.48 / 1EA
Skyn Arouse For Her Libido Supplement Tablets 60 Pack,$40.00,$0.67 / 1EA
Sofeel Vinyl Gloves All Purpose Powder Free L Clear 100 Box x30,$135.45,$45.15 / 1EA
Source Pro Active Vegan Collagen Powder 90g,$22.45,$24.94 / 100G
Supercharged Food Fulvic Humic Concentrate Drops,$31.95,$106.50 / 100ML
Surviv-a-Wrap Crepe Bandage 5cm x 4m 12 Pack x14,$176.40,$12.60 / 1EA
Switch Nutrition Keto Switch - 90 Capsules,$55.20,$0.61 / 1EA
Tea Gardens Probiotic Iced Tea Mixed Flavours 800ml,$69.60,$3.63 / 1L
Thompson's High Potency Super Lecithin 200 capsules,$44.89,
Thompson's Prostate Support 90 Capsules,$89.19,$99.10 / 100EA
Universal Vinyl Gloves All Purpose Low Powder L Clear 100 Box x50,$286.13,$57.23 / 1EA
Universal Vinyl Gloves All Purpose Low Powder M Clear 100 Box x50,$286.13,$57.23 / 1EA
Universal Vinyl Gloves All Purpose Low Powder S Clear 100 Box x50,$286.13,$57.23 / 1EA
Universal Vinyl Gloves All Purpose Low Powder XL Clear 100 Box x50,$286.13,$57.23 / 1EA
Universal Vinyl Gloves All Purpose Powder Free L Clear 100 Box x50,$296.63,$59.33 / 1EA
Universal Vinyl Gloves All Purpose Powder Free M Clear 100 Box x50,$296.63,$59.33 / 1EA
Universal Vinyl Gloves All Purpose Powder Free S Clear 100 Box x50,$296.63,$59.33 / 1EA
Universal Vinyl Gloves All Purpose Powder Free XL Clear 100 Box x50,$296.63,$59.33 / 1EA
Virafree Disposable Face Mask Kids Black 50pcs/box,$19.95,$39.90 / 100EA
Vitus Vitamin C Vegan Powder 120g,$34.95,$29.13 / 100G
Zen Sports Roll On 75ml,$20.85,$27.80 / 100ML
ATP Science Noway Collagen Mallow Bar Strawberry Box 12 x 45g,$59.40,$11.00 / 100G
Aero Healthcare Regulator Premium Snake/Spider Bite First Aid Kit,$46.00,$46.00 / 1EA
Swisspers Cotton Tips 240 Pack,$4.80,$2.00 / 100EA
Macro Organic Corn Chips Natural 200g,$3.30,$1.65 / 100G
Panadol Rapid For Pain Relief Paracetamol 500 Mg 20 Pack,$6.00,$0.30 / 1EA
Vege Chips Multi 12 Pack 250g,$8.00,$3.20 / 100G
Woolworths Sesame Seeds 100g,$1.10,$11.00 / 1KG
Macro Black Chia Seeds 350g,$6.40,$1.83 / 100G
Woolworths Cashews Roasted & Salted 750g Pack,$10.00,$13.33 / 1KG
Woolworths Almonds Kernels 750g Pack,$9.90,$13.20 / 1KG
Aero Healthcare Regulator Snake Bite Emergency Kit,$27.00,$27.00 / 1EA
Aero Healthcare Voyager 2 Series Motorist First Aid Kit,$37.00,$37.00 / 1EA
Airborne Manuka & Lemon Lozenges 16 Pack,$12.00,$0.75 / 1EA
Amazing Oils Magnesium Active Gel 60ml,$15.00,$25.00 / 100ML
Amazing Oils Magnesium Daily Bath Flakes 2kg,$23.40,$1.17 / 100G
Amazing Oils Magnesium Daily Spray 125ml,$22.95,$18.36 / 100ML
Amazing Oils Magnesium Daily Spray Refill 1l,$99.95,$10.00 / 100ML
Amazing Oils Magnesium Flex Bath Flakes 800g,$20.00,$2.50 / 100G
Amazing Oils Magnesium Flex Bath Flakes Magnesium Chloride & Msm 2kg,$31.25,$1.56 / 100G
Amazing Oils Magnesium Flex Lotion 200ml,$31.25,$15.63 / 100ML
Amazing Oils Magnesium Flex Lotion 60ml,$15.00,$25.00 / 100ML
Amazing Oils Magnesium Sleep Bath Flakes 800g,$20.00,$2.50 / 100G
Amazonia Raw Beauty Collagen Glow Unflavoured 200g,$37.95,$18.98 / 100G
Amazonia Raw Beauty Collagen Glow Wild Berry 200g,$37.95,$18.98 / 100G
Amazonia Raw Nutrients Greens Mint & Vanilla 120g,$34.95,$29.13 / 100G
Amazonia Raw Protein Isolate Choc Coconut 1kg,$75.95,$7.60 / 100G
Amazonia Raw Protein Isolate Choc Coconut 500g,$45.95,$9.19 / 100G
Amazonia Raw Protein Isolate Natural 1kg,$75.95,$7.60 / 100G
Amazonia Raw Protein Slim & Tone Vanilla Cinnamon 1kg,$75.95,$7.60 / 100G
Amazonia Raw Protein Slim & Tone Vanilla Cinnamon 390g,$39.95,$10.24 / 100G
Amazonia Raw Wholefood Extracts Vitamin C+ Passionfruit 120g,$35.95,$29.96 / 100G
Atkins Advantage Bar Low Carb - Chocolate Raspberry 15pc 30g,$45.00,$3.00 / 1EA
Atkins Low Carb Day Break Bar - Hazelnut Crisp 15pc 37g,$47.00,$3.13 / 1EA
Atkins Low Carb Endulge Bar - Caramel Nougat 15pc 35g,$53.00,$53.00 / 1EA
Swisspers Cotton Tips 240 Pack,$4.80,$2.00 / 100EA
Macro Organic Corn Chips Natural 200g,$3.30,$1.65 / 100G
Panadol Rapid For Pain Relief Paracetamol 500 Mg 20 Pack,$6.00,$0.30 / 1EA
Vege Chips Multi 12 Pack 250g,$8.00,$3.20 / 100G
Woolworths Sesame Seeds 100g,$1.10,$11.00 / 1KG
Macro Black Chia Seeds 350g,$6.40,$1.83 / 100G
Woolworths Cashews Roasted & Salted 750g Pack,$10.00,$13.33 / 1KG
Woolworths Almonds Kernels 750g Pack,$9.90,$13.20 / 1KG
