Product Name,Price,Price per Unit
Thirst Trap Spring Water Cans 500ml X 4 Pack,$7.50,$3.75 / 1L
Philadelphia Original Cream Cheese Spread Tub 250g,$5.70,$22.80 / 1KG
Chris' Dips French Onion 60g X3 Pack,$3.00,$1.67 / 100G
Tip Top Sandwich Thins Wholemeal Bread 6 Pack,$3.00,$1.25 / 100G
Fresh Tomato Each,$0.43,$0.43 / 1EA
Fresh Strawberry 250g,$2.50,$10.00 / 1KG
Tomato Roma Red Each,$0.80,$0.80 / 1EA
Woolworths Red Watermelon Cut Quarter Each,$6.38,$6.38 / 1EA
Woolworths Solanato Tomato Punnet 200g,$4.50,$22.50 / 1KG
Woolworths Baby Leaf Spinach 120g,$3.00,$25.00 / 1KG
Woolworths Baby Spinach Spinach 280g,$5.00,$17.86 / 1KG
Woolworths Spring Water Bottles 600ml X24 Pack,$9.75,$0.68 / 1L
Cavendish Bananas Each,$0.72,$0.72 / 1EA
Woolworths Baby Spinach 60g,$2.00,$33.33 / 1KG
Vegemite Spread 560g,$9.40,$1.68 / 100G
Woolworths Strawberry Yoghurt Pouch 70g,$0.75,$1.07 / 100G
Mission Wraps Original 8 Pack,$5.50,$0.97 / 100G
Primo Hungarian Salami Mild 80g,$3.70,$46.25 / 1KG
Arnott's Salada Original Crispbreads Crispbreads Original 250g,$3.00,$1.20 / 100G
Woolworths Vanilla Yoghurt Pouch 70g,$0.75,$1.07 / 100G
Vegemite Spread 380g,$7.30,$1.92 / 100G
Woolworths Baby Rocket 60g,$2.00,$33.33 / 1KG
Woolworths Banana Yoghurt Pouch 70g,$0.75,$1.07 / 100G
Vegemite Spread 280g,$6.20,$2.21 / 100G
Vaalia Kids Probiotic Yoghurt Pouch Vanilla 140g,$2.40,$1.71 / 100G
Vaalia Kids Probiotic Yoghurt Pouch Strawberry 140g,$2.40,$1.71 / 100G
Tamar Valley Dairy Kids Greek Yoghurt Pouch Strawberry 110g,$2.40,$2.18 / 100G
Thirst Trap Spring Water Cans 500ml X 4 Pack,$7.50,$3.75 / 1L
Philadelphia Original Cream Cheese Spread Tub 250g,$5.70,$22.80 / 1KG
Chris' Dips French Onion 60g X3 Pack,$3.00,$1.67 / 100G
Tip Top Sandwich Thins Wholemeal Bread 6 Pack,$3.00,$1.25 / 100G
Fresh Tomato Each,$0.43,$0.43 / 1EA
Fresh Strawberry 250g,$2.50,$10.00 / 1KG
Tomato Roma Red Each,$0.80,$0.80 / 1EA
Woolworths Red Watermelon Cut Quarter Each,$6.38,$6.38 / 1EA
Woolworths Solanato Tomato Punnet 200g,$4.50,$22.50 / 1KG
Woolworths Baby Leaf Spinach 120g,$3.00,$25.00 / 1KG
Woolworths Baby Spinach Spinach 280g,$5.00,$17.86 / 1KG
Woolworths Spring Water Bottles 600ml X24 Pack,$9.75,$0.68 / 1L
Cavendish Bananas Each,$0.72,$0.72 / 1EA
Woolworths Baby Spinach 60g,$2.00,$33.33 / 1KG
Vegemite Spread 560g,$9.40,$1.68 / 100G
Woolworths Strawberry Yoghurt Pouch 70g,$0.75,$1.07 / 100G
Mission Wraps Original 8 Pack,$5.50,$0.97 / 100G
Primo Hungarian Salami Mild 80g,$3.70,$46.25 / 1KG
Arnott's Salada Original Crispbreads Crispbreads Original 250g,$3.00,$1.20 / 100G
Woolworths Vanilla Yoghurt Pouch 70g,$0.75,$1.07 / 100G
Vegemite Spread 380g,$7.30,$1.92 / 100G
Woolworths Baby Rocket 60g,$2.00,$33.33 / 1KG
Woolworths Banana Yoghurt Pouch 70g,$0.75,$1.07 / 100G
Vegemite Spread 280g,$6.20,$2.21 / 100G
Vaalia Kids Probiotic Yoghurt Pouch Vanilla 140g,$2.40,$1.71 / 100G
Vaalia Kids Probiotic Yoghurt Pouch Strawberry 140g,$2.40,$1.71 / 100G
Tamar Valley Dairy Kids Greek Yoghurt Pouch Strawberry 110g,$2.40,$2.18 / 100G
Tamar Valley Dairy Kids Greek Yoghurt Pouch Vanilla 110g,$2.40,$2.18 / 100G
Tamar Valley Dairy Kids Greek Yoghurt Pouch Blueberry 110g,$2.40,$2.18 / 100G
Mission Wraps Wholegrain 8 Pack 567g,$5.50,$0.97 / 100G
Hass Avocado Each,$1.80,$1.80 / 1EA
Frantelle Still Spring Water 24x600ml,$13.50,$0.94 / 1L
Nu Pure Still Spring Water 20x600ml,$9.50,$0.79 / 1L
Arnott's Shapes Multipack Crackers Variety 15 Pack,$5.50,$1.47 / 100G
Yoplait Petit Miam Kids Yoghurt Pouch Strawberry 70g,$1.00,$1.43 / 100G
Woolworths Australian Grown Carrots 1kg,$1.40,$1.40 / 1KG
Tamar Valley Dairy Kids Greek Yoghurt Pouch Tropical 110g,$2.40,$2.18 / 100G
Woolworths Baby Mixed Leaf Salad 300g,$5.00,$16.67 / 1KG
Arnott's Tiny Teddy Variety Multipack Biscuits 15 Pack,$5.50,$1.47 / 100G
Fresh Pink Lady Apples Each,$1.03,$1.03 / 1EA
Tamar Valley Dairy Kids Greek Yoghurt Pouch Raspberry 110g,$2.40,$2.18 / 100G
Woolworths Bread Rolls Extra Soft Lunch 6 Pack,$2.65,$0.44 / 1EA
Tip Top Sandwich Thins Wholemeal Bread 6 Pack,$3.00,$1.25 / 100G
Yopro Danone High Protein Yoghurt No Added Sugar Vanilla 160g,$2.20,$1.38 / 100G
Vegemite Spread 150g,$4.00,$2.67 / 100G
Woolworths Baby Leaf Beetroot Salad With Beetroot Bag 180g,$4.00,$22.22 / 1KG
Fresh Rockmelon Whole Each,$6.90,$6.90 / 1EA
Twisties Cheese Flavoured Snacks Multipack (6 Pack) 114g,$4.50,$3.95 / 100G
Sakata Rice Crackers Plain 100g,$2.30,$2.30 / 100G
Woolworths Yoghurt Pouch Blueberry 70g,$0.75,$1.07 / 100G
Cavendish Bananas Each,$0.72,$0.72 / 1EA
Fresh Strawberry 250g,$2.50,$10.00 / 1KG
Hass Avocado Each,$1.80,$1.80 / 1EA
Woolworths Australian Grown Carrots 1kg,$1.40,$1.40 / 1KG
Fresh Tomato Each,$0.43,$0.43 / 1EA
Fresh Pink Lady Apples Each,$1.03,$1.03 / 1EA
Iceberg Lettuce Each,$2.90,$2.90 / 1EA
Fresh Blueberries Punnet 125g,$4.00,$32.00 / 1KG
Arnott's Sao Crackers Biscuits Original 250g,$3.50,$1.40 / 100G
Woolworths Continental Cucumbers Each,$2.50,$2.50 / 1EA
Sunbeam Australian Sultanas 6 Pack,$3.50,$14.58 / 1KG
Woolworths Spring Water 12x600ml,$5.00,$0.69 / 1L
Vaalia Kids Probiotic Yoghurt Pouch Tropical 140g,$2.40,$1.71 / 100G
Mission Wraps Mini Original 8 Pack,$5.50,$1.43 / 100G
Farmers Union Greek Style Yoghurt Pouch Strawberry 130g,$1.80,$1.38 / 100G
Woolworths Leafy Mix Salad 120g,$2.20,$18.33 / 1KG
Infuzions Veggie Straws 5 Pack,$4.00,$5.33 / 100G
Arnott's Vita Weat 9 Grain Crispbreads 9 Grain 250g,$4.00,$1.60 / 100G
Woolworths Wholemeal Soft Sandwich Bread 650g,$2.70,$0.42 / 100G
Primo Danish Salami 80g,$3.70,$46.25 / 1KG
Vaalia Kids Probiotic Yoghurt Pouch Banana 140g,$2.40,$1.71 / 100G
Primo Turkey Breast 80g,$3.70,$46.25 / 1KG
Wonder White Wholemeal With Iron Sandwich Slice 700g,$4.40,$0.63 / 100G
Yopro Danone High Protein Yoghurt No Added Sugar Strawberry 160g,$2.20,$1.38 / 100G
Western Star Original Spreadable 500g,$7.50,$1.50 / 100G
Wonder White Bread Vitamins & Minerals Sandwich 700g,$4.40,$0.63 / 100G
Farmers Union Greek Style Yogurt Pouch Real Vanilla Bean 130g,$1.80,$1.38 / 100G
Sakata Rice Crackers Seaweed 90g,$2.30,$2.56 / 100G
Yoplait Petit Miam Kids Yoghurt Pouch Vanilla 70g,$1.00,$1.43 / 100G
Yoplait Petit Miam Kids Yoghurt Pouch Blueberry 70g,$1.00,$1.43 / 100G
Onion Red Each,$0.66,$0.66 / 1EA
Cavendish Bananas Each,$0.72,$0.72 / 1EA
Fresh Strawberry 250g,$2.50,$10.00 / 1KG
Hass Avocado Each,$1.80,$1.80 / 1EA
Woolworths Australian Grown Carrots 1kg,$1.40,$1.40 / 1KG
Fresh Tomato Each,$0.43,$0.43 / 1EA
Fresh Pink Lady Apples Each,$1.03,$1.03 / 1EA
Iceberg Lettuce Each,$2.90,$2.90 / 1EA
Fresh Blueberries Punnet 125g,$4.00,$32.00 / 1KG
Arnott's Shapes Cheddar Cracker Biscuits 175g,$3.50,$2.00 / 100G
Yopro Danone High Protein Yoghurt No Added Sugar Salted Caramel 160g,$2.20,$1.38 / 100G
Iceberg Lettuce Each,$2.90,$2.90 / 1EA
Woolworths Spring Water Minis 20x250ml,$6.80,$1.36 / 1L
Tip Top The One White Sandwich Slice Bread Loaf 700g,$4.40,$0.63 / 100G
Chobani Raspberry Greek Yogurt Pouch 140g,$2.50,$1.79 / 100G
Yopro High Protein Yoghurt Pouch No Added Sugar Strawberry 150g,$2.20,$1.47 / 100G
Yopro High Protein Yoghurt Pouch No Added Sugar Vanilla 150g,$2.20,$1.47 / 100G
Tip Top The One White Toast Slice Bread Loaf 700g,$4.40,$0.63 / 100G
Farmers Union Greek Style Yoghurt Pouch Hint Of Real Mango 130g,$1.80,$1.38 / 100G
Chobani Blueberry Greek Yogurt Pouch 140g,$2.50,$1.79 / 100G
D'orsogna Deli Fresh Mild Salami 80g,$2.80,$35.00 / 1KG
Woolworths Qukes Baby Cucumbers Punnet 250g,$4.50,$18.00 / 1KG
Uncle Tobys Roll-ups Rainbow Berry 6 Pack,$5.50,$5.85 / 100G
Yopro Danone High Protein Yoghurt No Added Sugar Mango 160g,$2.20,$1.38 / 100G
Arnott's Tiny Teddy Chocolate Multipack Biscuits 8 Pack,$4.50,$2.25 / 100G
Vaalia Kids Probiotic Yoghurt Pouch Lactose Free Strawberry 140g,$2.40,$1.71 / 100G
Chobani Strawberry Greek Yogurt Pouch 140g,$2.50,$1.79 / 100G
Yopro Danone High Protein Yoghurt No Added Sugar Banana 160g,$2.20,$1.38 / 100G
Yoplait Petit Miam Kids Yoghurt Pouch Strawberry & Banana 70g,$1.00,$1.43 / 100G
Yoplait Petit Miam Kids Yoghurt Pouch Banana 70g,$1.00,$1.43 / 100G
Vaalia Kids Probiotic Yoghurt Pouch Lactose Free Vanilla 140g,$2.40,$1.71 / 100G
Yopro Danone High Protein Yoghurt No Added Sugar Passionfruit 160g,$2.20,$1.38 / 100G
Cavendish Bananas Each,$0.72,$0.72 / 1EA
Fresh Strawberry 250g,$2.50,$10.00 / 1KG
Hass Avocado Each,$1.80,$1.80 / 1EA
Woolworths Australian Grown Carrots 1kg,$1.40,$1.40 / 1KG
Fresh Tomato Each,$0.43,$0.43 / 1EA
Fresh Pink Lady Apples Each,$1.03,$1.03 / 1EA
Iceberg Lettuce Each,$2.90,$2.90 / 1EA
Fresh Blueberries Punnet 125g,$4.00,$32.00 / 1KG
Pauls Bluey Yoghurt Pouch Vanilla 70g,$1.20,$1.71 / 100G
Smith's Crinkle Cut Chips Multipack Variety 20 Pack,$8.90,$2.34 / 100G
Yoplait Berry Punnet Mixed Yoghurts 6 Pack,$6.50,$0.68 / 100G
Woolworths Sultanas 6 Pack,$2.00,$8.33 / 1KG
Yoplait Classics Mixed Yoghurts 6 Pack,$6.50,$0.68 / 100G
Woolworths Scone Homestyle Buttermilk 6 Pack,$6.00,$1.00 / 1EA
Vaalia Probiotic Yoghurt French Vanilla 150gx 4 Pack,$5.30,$0.88 / 100G
Woolworths Lettuce Iceberg Blend Lettuce Blend 300g,$3.00,$10.00 / 1KG
Woolworths Caesar Salad Kit Kit 290g,$5.50,$18.97 / 1KG
Yopro High Protein Yoghurt Pouch No Added Sugar Banana 150g,$2.20,$1.47 / 100G
Arnott's Shapes Multipack Crackers Barbecue 8 Pack,$4.50,$2.25 / 100G
Primo Pepperoni Salami Hot 80g,$3.70,$46.25 / 1KG
Woolworths Lettuce Iceberg Shredded Lettuce 200g,$2.20,$11.00 / 1KG
Real Foods Corn Thins Original 150g,$2.00,$1.33 / 100G
Yopro High Protein Yoghurt Pouch No Added Sugar Mango 150g,$2.20,$1.47 / 100G
Woolworths Thin Brown Rice Cakes Original 150g,$1.65,$1.10 / 100G
Western Star Supersoft Spreadable 500g,$7.50,$1.50 / 100G
Uncle Tobys Roll-ups Rainbow Fruit Salad 6 Pack,$5.50,$5.85 / 100G
Woolworths Bread Rolls Extra Soft Jumbo 6 Pack,$3.00,$0.50 / 1EA
Woolworths Bread Rolls Soft Hamburger 6 Pack,$2.65,$0.44 / 1EA
Arnott's Shapes Multipack Crackers Mini Chicken Crimpy 8 Pack,$4.50,$2.25 / 100G
Woolworths Original Rice Crackers 100g,$0.90,$0.90 / 100G
Woolworths Choc Chip Minis 8 Pack 180g,$2.30,$1.28 / 100G
Arnott's Tiny Teddy Hundreds & Thousands Multipack Biscuits 8 Pack,$4.50,$2.45 / 100G
Cavendish Bananas Each,$0.72,$0.72 / 1EA
Fresh Strawberry 250g,$2.50,$10.00 / 1KG
Hass Avocado Each,$1.80,$1.80 / 1EA
Woolworths Australian Grown Carrots 1kg,$1.40,$1.40 / 1KG
Fresh Tomato Each,$0.43,$0.43 / 1EA
Fresh Pink Lady Apples Each,$1.03,$1.03 / 1EA
Iceberg Lettuce Each,$2.90,$2.90 / 1EA
Fresh Blueberries Punnet 125g,$4.00,$32.00 / 1KG
Tip Top The One Wholemeal Sandwich Slice Bread Loaf 700g,$4.40,$0.63 / 100G
Arnott's Wagon Wheels Multipack Chocolate Biscuits 8 Pack,$4.50,$2.37 / 100G
Smith's Potato Chips Fun Mix Multipack Variety 20 Pack,$8.90,$2.37 / 100G
Yopro High Protein Yoghurt Pouch No Added Sugar Passionfruit 150g,$2.20,$1.47 / 100G
Golden Days Snacks Sesame Snaps 3x40g,$3.00,$2.50 / 100G
Farmers Union Greek Style Yoghurt Pouch Passionfruit 130g,$1.80,$1.38 / 100G
Yoplait Petit Miam Mango Pouch 70g,$1.00,$1.43 / 100G
Pauls Custard Pouch Bluey Vanilla 70g,$1.90,$2.71 / 100G
Woolworths White Soft Sandwich Bread 650g,$2.70,$0.42 / 100G
Uncle Tobys Roll-ups Strawberry Fun Prints 6 Pack,$5.50,$5.85 / 100G
Apple Royal Gala Each,$1.04,$1.04 / 1EA
Smith's Potato Chips Snack Mix Variety Multipack 20 Pack,$8.90,$2.25 / 100G
Arnott's Shapes Multipack Crackers Pizza 8 Pack,$4.50,$2.25 / 100G
Woolworths Thai Salad Kit 315g,$5.50,$1.75 / 100G
Activia Danone Probiotic Yoghurt No Added Sugar Vanilla 125g X 4 Pack,$4.00,$0.80 / 100G
Chobani Flip Greek Yogurt Cookies & Cream Crunch 140g,$3.50,$2.50 / 100G
Arnott's Vita Weat Sesame Crispbreads Sesame 250g,$4.00,$1.60 / 100G
Woolworths Fresh Pink Lady Apples Punnet 1kg,$5.90,$5.90 / 1KG
Woolworths Crème Wafer Minis 6 Pack,$2.90,$1.66 / 100G
Jalna Pouch Of Purity Strawberry Yoghurt 100g,$1.50,$1.50 / 100G
Sunbeam Australian Sultanas Mini 8 Pack,$3.20,$26.67 / 1KG
Woolworths Bread Rolls Hotdog Extra Soft 6 Pack,$2.65,$0.44 / 1EA
Fresh Blueberries Punnet 125g,$4.00,$32.00 / 1KG
Yoplait Petit Miam Kids Yoghurt Pouch Vanilla & Apple 70g,$1.00,$1.43 / 100G
Cavendish Bananas Each,$0.72,$0.72 / 1EA
Fresh Strawberry 250g,$2.50,$10.00 / 1KG
Hass Avocado Each,$1.80,$1.80 / 1EA
Woolworths Australian Grown Carrots 1kg,$1.40,$1.40 / 1KG
Fresh Tomato Each,$0.43,$0.43 / 1EA
Fresh Pink Lady Apples Each,$1.03,$1.03 / 1EA
Iceberg Lettuce Each,$2.90,$2.90 / 1EA
Fresh Blueberries Punnet 125g,$4.00,$32.00 / 1KG
Chobani Vanilla Greek Yogurt Pouch 140g,$2.50,$1.79 / 100G
Siggi's Yoghurt Raspberry 125g,$2.50,$2.00 / 100G
Chobani Flip Greek Yogurt Strawberry Shortcake 140g,$3.50,$2.50 / 100G
Brownes Wiggles Strawberry Pouch Lactose Free 90g,$1.00,$1.11 / 100G
Smith's Crinkle Cut Potato Chips Multipack Original 6 Pack,$4.50,$3.95 / 100G
Parker's Mini Baked Pretzels Multipack (6 Pack) 135g,$4.50,$3.00 / 100G
Sunbeam Yoghurt Coated Sultanas 180g,$5.00,$27.78 / 1KG
Pauls Strawberry Vanilla & Banana Kids Yoghurt Bluey 95gx 12 Pack,$8.00,$0.70 / 100G
Activia Danone Probiotic Yoghurt No Added Sugar Strawberry 125g X 4 Pack,$4.00,$0.80 / 100G
Sakata Stars Snack Sized Original Rice Crackers Multipack 7pk 7g,$3.80,$4.18 / 100G
Woolworths Extra Soft Bread Rolls Jumbo Hamburger 6 Pack,$3.00,$0.50 / 1EA
Woolworths Original Gluten Free Popcorn 10 Pack,$2.75,$1.38 / 100G
D'orsogna Deli Fresh Spicy Chorizo Salami 80g,$2.80,$35.00 / 1KG
Woolworths Greek Salad Kit 270g,$6.00,$22.22 / 1KG
Woolworths Mushrooms Button 200g Punnet,$4.50,$22.50 / 1KG
Pauls Custard Pouch Bluey Chocolate 70g,$1.90,$2.71 / 100G
Woolworths Spring Water Sipper 1l,$1.20,$1.20 / 1L
Woolworths White Soft Toast Bread 650g,$2.70,$0.42 / 100G
Woolworths Bread Rolls Soft Wholemeal Lunch 6 Pack,$2.65,$0.44 / 1EA
Woolworths Kiwi Fruit Green Each,$1.17,$1.17 / 1EA
Chobani Fit Strawberry High Protein Greek Yogurt Pouch 140g,$2.70,$1.93 / 100G
Sakata Stars Snack Sized Cheese Rice Crackers Multipack 7pk 7g,$3.80,$4.18 / 100G
Siggi's Yoghurt Pouch Raspberry 150g,$2.50,$1.67 / 100G
Woolworths Wholemeal Sandwich Hi-fibre Bread 700g,$3.50,$0.50 / 100G
Cavendish Bananas Each,$0.72,$0.72 / 1EA
Fresh Strawberry 250g,$2.50,$10.00 / 1KG
Hass Avocado Each,$1.80,$1.80 / 1EA
Woolworths Australian Grown Carrots 1kg,$1.40,$1.40 / 1KG
Fresh Tomato Each,$0.43,$0.43 / 1EA
Fresh Pink Lady Apples Each,$1.03,$1.03 / 1EA
Iceberg Lettuce Each,$2.90,$2.90 / 1EA
Fresh Blueberries Punnet 125g,$4.00,$32.00 / 1KG
"Smith's Crinkle Cut Potato Chips Multipack Salt, Vinegar 6 Pack",$4.50,$3.95 / 100G
Farmers Union Greek Style Yogurt Pouch Natural 130g,$1.80,$1.38 / 100G
Oreo Milk Chocolate Wafer Sticks Biscuits Multipack 128g,$2.50,$1.95 / 100G
Siggi's Yoghurt Strawberry 150g,$2.50,$1.67 / 100G
Vaalia Probiotic Yoghurt Passionfruit 150gx 4 Pack,$5.30,$0.88 / 100G
Siggi's Yoghurt Pouch Vanilla 150g,$2.50,$1.67 / 100G
Sunbites Sea Salt Snack Crackers With Quinoa Share Pack 105g,$3.30,$3.14 / 100G
Yoplait Petit Miam Fruit Salad 70g,$1.00,$1.43 / 100G
John West Calcium Rich Tuna Olive Oil Blend 90g,$2.00,$22.22 / 1KG
Arnott's Jatz Original Crackers 225g,$3.50,$1.56 / 100G
Brownes Wiggles Blueberry Pouch Lactose Free 90g,$1.00,$1.11 / 100G
The Odd Bunch Avocado Prepacked 1kg,$5.00,$5.00 / 1KG
Siggi's Yoghurt Mixed Berry 125g,$2.50,$2.00 / 100G
Five:am Organic Vanilla Bean Yoghurt 170g,$2.00,$1.18 / 100G
Nice & Natural Fruit Strings Strawberry 136g,$5.25,$3.86 / 100G
D'orsogna Ham Leg Shaved 400g,$6.50,$16.25 / 1KG
Vaalia Probiotic Yoghurt Lemon Creme 150gx 4 Pack,$5.30,$0.88 / 100G
Sustagen Vanilla Ready To Drink 3x250ml,$6.70,$8.93 / 1L
Sunbeam Sultanas & Apple 6 Pack,$4.00,$26.67 / 1KG
Tasty Toobs Tangy Snack Multipack (5 Pack) 75g,$4.50,$30.00 / 100G
Pump Spring Water Bottle 1.25l,$2.95,$2.36 / 1L
Jazz Apple Each,$1.31,$1.31 / 1EA
Cavendish Bananas Each,$0.72,$0.72 / 1EA
Fresh Strawberry 250g,$2.50,$10.00 / 1KG
Hass Avocado Each,$1.80,$1.80 / 1EA
Woolworths Australian Grown Carrots 1kg,$1.40,$1.40 / 1KG
Fresh Tomato Each,$0.43,$0.43 / 1EA
Fresh Pink Lady Apples Each,$1.03,$1.03 / 1EA
Iceberg Lettuce Each,$2.90,$2.90 / 1EA
Fresh Blueberries Punnet 125g,$4.00,$32.00 / 1KG
Woolworths Caesar Salad Kit Tub 250g,$6.50,$26.00 / 1KG
Siggi's Yoghurt Black Cherry 125g,$2.50,$2.00 / 100G
D'orsogna Ham Leg Triple Smoked 97% Fat Free Shaved 1kg,$22.50,$22.50 / 1KG
Nestle Sustagen Dutch Chocolate Ready To Drink 3x250ml,$6.70,$8.93 / 1L
Vitasoy Greek Style Soy Yogurt Hint Of Mango & Passionfruit 140g,$2.70,$1.93 / 100G
Uncle Tobys Muesli Bars Yoghurt & Strawberry 6 Pack,$5.50,$2.97 / 100G
Chobani Mango Greek Yogurt Pouch 140g,$2.50,$1.79 / 100G
Woolworths Bread Rolls Crusty Lunch 6 Pack,$2.65,$0.44 / 1EA
The Odd Bunch Pear Prepacked 1kg,$2.30,$2.30 / 1KG
Golden Days Bars Sesame Snaps Dark Chocolate 120g,$2.80,$2.33 / 100G
Chobani Fit Raspberry High Protein Greek Yogurt Pouch 140g,$2.70,$1.93 / 100G
Sunbeam Sultanas & Apricot 6 Pack,$4.00,$18.02 / 1KG
Thins Top 20 Variety Multipack Chips 20 Pack 375g,$8.65,$2.31 / 100G
Chobani Flip Greek Yogurt Mint Choc Chip 140g,$3.50,$2.50 / 100G
Primo Champagne Ham Thinly Sliced 100g,$3.70,$37.00 / 1KG
Woolworths Tasty Cheese Slices 500g,$9.30,$18.60 / 1KG
White Seedless Grapes Bunch Each,$16.06,$16.06 / 1EA
Woolworths Bread Rolls Bacon & Cheese 6 Pack,$6.00,$1.00 / 1EA
Uncle Tobys Muesli Bar Yoghurt Varieties 15 Pack,$8.00,$1.71 / 100G
Kanzi Apple Each,$0.86,$0.86 / 1EA
Uncle Tobys Muesli Bars Choc Chip 15 Pack,$8.00,$1.71 / 100G
Arnott's Mini Choc Chip Cookie Multipack Biscuits 7 Pack,$4.50,$2.57 / 100G
Woolworths Jumbo Tiger Rolls 6 Pack,$3.00,$0.50 / 1EA
Cavendish Bananas Each,$0.72,$0.72 / 1EA
Fresh Strawberry 250g,$2.50,$10.00 / 1KG
Hass Avocado Each,$1.80,$1.80 / 1EA
Woolworths Australian Grown Carrots 1kg,$1.40,$1.40 / 1KG
Fresh Tomato Each,$0.43,$0.43 / 1EA
Fresh Pink Lady Apples Each,$1.03,$1.03 / 1EA
Iceberg Lettuce Each,$2.90,$2.90 / 1EA
Fresh Blueberries Punnet 125g,$4.00,$32.00 / 1KG
Woolworths Thin Corn Cake With Brown Rice 150g,$1.65,$1.10 / 100G
Sunbeam Sultanas & Cranberry 6 Pack,$4.00,$17.09 / 1KG
Pauls Kids Yoghurt Pouch Banana The Lion King 70g,$1.20,$1.71 / 100G
John West Protein+ Vitamin B12 Tuna Bowl Couscous Rice Tomato & Onion 170g,$4.00,$23.53 / 1KG
Liddells Lactose Free Yoghurt Strawberry 140g X 4 Pack,$6.20,$1.11 / 100G
Belvita Strawberry Yoghurt Breakfast Biscuits 5 Pack,$3.50,$1.38 / 100G
Real Foods Corn Thins Multigrain 150g,$2.00,$1.33 / 100G
Vege Chips Multi 12 Pack 250g,$8.00,$3.20 / 100G
Fantastic Rice Crackers Original 100g,$1.75,$1.75 / 100G
Woolworths Thin Rice Cakes Sour Cream & Chives 125g,$1.65,$1.32 / 100G
Woolworths Free From Gluten Ingredients Tortilla Corn 280g,$3.20,$1.14 / 100G
Sanitarium Up&go Liquid Breakfast Choc Ice 12 Pack,$15.80,$5.27 / 1L
Nutella B-ready Biscuit Multipack 6 Pack,$5.00,$3.79 / 100G
Red Rock Deli Potato Chips Multipack Variety - Deli Style 28g X10 Pack,$8.90,$3.18 / 100G
Hillview Cheese Block 1kg,$11.00,$11.00 / 1KG
Pauls Custard Pouch Bluey Strawberry 70g,$1.90,$2.71 / 100G
Woolworths Fresh Granny Smith Apples Punnet 1kg,$4.90,$4.90 / 1KG
Arnott's Cruskits Original Crispbreads Original 125g,$3.50,$2.80 / 100G
Siggi's 4% Fat Yoghurt Vanilla 125g,$2.50,$2.00 / 100G
Bega Stringers Cheddar Cheese 8 Pack,$7.00,$43.75 / 1KG
Woolworths Crusty Vienna Loaf 450g,$3.00,$3.00 / 1EA
Pringles Minis Sour Cream & Onion Potato Chips Multipack 95g,$4.00,$4.21 / 100G
Woolworths All Butter Croissants 4 Pack,$2.85,$0.71 / 1EA
Vitasoy Greek Style Soy Yogurt Hint Of Vanilla 140g,$2.70,$1.93 / 100G
Cavendish Bananas Each,$0.72,$0.72 / 1EA
Fresh Strawberry 250g,$2.50,$10.00 / 1KG
Hass Avocado Each,$1.80,$1.80 / 1EA
Woolworths Australian Grown Carrots 1kg,$1.40,$1.40 / 1KG
Fresh Tomato Each,$0.43,$0.43 / 1EA
Fresh Pink Lady Apples Each,$1.03,$1.03 / 1EA
Iceberg Lettuce Each,$2.90,$2.90 / 1EA
Fresh Blueberries Punnet 125g,$4.00,$32.00 / 1KG
Chobani Flip Greek Yogurt Key Lime Crumble 140g,$3.50,$2.50 / 100G
Woolworths Swiss Cheese Slices 200g,$5.00,$25.00 / 1KG
Pureau Ultra Pure Water 600ml X 12 Pack,$9.30,$1.29 / 1L
Real Foods Corn Thins Tasty Cheese 125g,$2.00,$1.60 / 100G
Armada Resealable Snack Bags 50 Pack,$1.60,$0.03 / 1EA
Woolworths Bread Rolls Grain Lunch 6 Pack,$2.65,$0.44 / 1EA
Woolworths Mushrooms Cups Sliced 375g Punnet,$6.00,$16.00 / 1KG
V8 Tropical Juce Multipack 3 X 250ml,$4.30,$5.73 / 1L
Sanitarium Up&go Protein Energize Choc 250ml X12 Pack,$15.80,$5.27 / 1L
Uncle Tobys Muesli Bars Chewy Choc Chip 6 Pack,$5.50,$2.97 / 100G
D'orsogna Jarrah Honey Ham Off The Bone Freshly Sliced From The Deli Per Kg,$29.00,$29.00 / 1KG
V8 Breakfast Juice Multipack 3 X 250ml,$4.30,$5.73 / 1L
Uncle Tobys Choc Faves Muesli Bars 15 Pack,$8.00,$1.71 / 100G
Thins Multipack Classic Original Chips 6 Pack,$4.15,$3.64 / 100G
Woolworths Fresh Food Kids Mini Apples 5 Pack,$3.50,$0.70 / 1EA
Doritos Corn Chips Multipack Cheese Supreme 6 Pack,$4.50,$3.95 / 100G
Jumpy's Chicken Chips 5 Pack,$4.15,$4.61 / 100G
Woolworths Tasty Cheese Block 500g,$7.70,$15.40 / 1KG
Woolworths Asian Salad Kit Tub 250g,$6.50,$26.00 / 1KG
Mamee Noodle Snacks Chicken 8pk 200g,$3.80,$1.90 / 100G
Armada Resealable Sandwich Bags 120 Pack,$3.65,$0.03 / 1EA
Woolworths Peach In Strawberry Jelly 4 Pack,$2.20,$4.58 / 1KG
Uncle Tobys Yoghurt Muesli Bars Strawberry 469g,$8.00,$1.71 / 100G
Uncle Tobys Le Snak Tasty Cheese Dip & Crackers 12 Pack,$10.00,$3.79 / 100G
Cavendish Bananas Each,$0.72,$0.72 / 1EA
Fresh Strawberry 250g,$2.50,$10.00 / 1KG
Hass Avocado Each,$1.80,$1.80 / 1EA
Woolworths Australian Grown Carrots 1kg,$1.40,$1.40 / 1KG
Fresh Tomato Each,$0.43,$0.43 / 1EA
Fresh Pink Lady Apples Each,$1.03,$1.03 / 1EA
Iceberg Lettuce Each,$2.90,$2.90 / 1EA
Fresh Blueberries Punnet 125g,$4.00,$32.00 / 1KG
Cobs Natural Popcorn Sea Salt Multipack 5 Pack,$4.00,$6.15 / 100G
Primo Stackers Mild Salami Cheese And Crackers 50g,$3.00,$60.00 / 1KG
Chobani Flip Greek Yogurt Almond Coco Loco 140g,$3.50,$2.50 / 100G
Woolworths Banana Bread Slices 5 Pack,$6.25,$1.25 / 100G
Yoplait Strawberry Sundae Pouch Yogurt 130g,$1.80,$1.38 / 100G
Woolworths Multigrain Brown Rice Crackers 100g,$1.35,$1.35 / 100G
Arnott's Mini Scotch Finger Multipack Biscuits 8 Pack,$4.50,$2.25 / 100G
Liddells Lactose Free Yoghurt Plain 140g X 4 Pack,$6.20,$1.11 / 100G
Helga's Bread Light Rye 680g,$4.90,$0.72 / 100G
John West Protein+ Omega-3 Tuna Tomato Salsa With Crackers 94g,$3.50,$37.23 / 1KG
Armada Resealable Sandwich Bags 65 Pack,$2.00,$0.03 / 1EA
Woolworths Bread Rolls Soft Wholemeal Jumbo 6 Pack,$3.00,$0.50 / 1EA
Woolworths Multigrain Soft Sandwich Bread 650g,$2.70,$0.42 / 100G
Oreo Milk Chocolate Wafer Sticks Biscuits Large Multipack 345g,$6.00,$1.74 / 100G
D'orsogna Ham Honey Leg Shaved 400g,$6.50,$16.25 / 1KG
Pringles Minis Original Potato Chips Multipack 95g,$4.00,$4.21 / 100G
Woolworths Mini Choc Chip Muffin 8 Pack,$4.70,$1.47 / 100G
Tip Top The One Gluten Free White Sandwich Slice Bread Loaf 550g,$7.00,$1.27 / 100G
John West Protein+ Calcium Tuna Sea Salt Lemon & Parsley With Crackers 94g,$3.50,$37.23 / 1KG
Bega Tasty Cheese Slices 500g,$11.00,$22.00 / 1KG
Uncle Tobys Muesli Bars Yoghurt & Honeycomb 185g,$5.50,$2.97 / 100G
D'orsogna Triple Smoked Leg Ham 97% Fat Free Sliced From The Deli Per Kg,$22.50,$22.50 / 1KG
Cobs Popcorn Lightly Salted Slightly Sweet Gluten Free 5 Pack,$4.00,$6.15 / 100G
Cavendish Bananas Each,$0.72,$0.72 / 1EA
Fresh Strawberry 250g,$2.50,$10.00 / 1KG
Hass Avocado Each,$1.80,$1.80 / 1EA
Woolworths Australian Grown Carrots 1kg,$1.40,$1.40 / 1KG
Fresh Tomato Each,$0.43,$0.43 / 1EA
Fresh Pink Lady Apples Each,$1.03,$1.03 / 1EA
Iceberg Lettuce Each,$2.90,$2.90 / 1EA
Fresh Blueberries Punnet 125g,$4.00,$32.00 / 1KG
Tasti Made Simple Forest Fruits 150g,$5.50,$3.67 / 100G
V8 Apple Berry Juice Multipack 3 X 250ml,$4.30,$5.73 / 1L
Woolworths Muesli Bars Yoghurt & Strawberry 248g 8 Pack,$2.50,$1.01 / 100G
Sunbites Grainwaves Sour Cream & Chives Wholegrain Chips Multipack 5pk 110g,$4.50,$4.09 / 100G
Woolworths Soya Crisps Snacks 400g Pack,$6.30,$15.75 / 1KG
Woolworths Popcorn Sweet & Salty 10 Pack,$2.75,$1.38 / 100G
Woolworths Bread Roll Cheese & Bacon 4 Pack,$4.50,$1.13 / 1EA
Woolworths Packham Pear 1kg Punnet,$2.90,$2.90 / 1KG
Kellogg's K-time Baked Twists Strawberry & Blueberry Flavour Snack Bars 5 Pack,$5.50,$2.97 / 100G
The Odd Bunch Apples Prepacked Punnet 1kg,$3.15,$3.15 / 1KG
Hillview Cheese Slices Full Fat 500g,$4.75,$9.50 / 1KG
Woolworths Bread Loaf Crusty Tiger Tummy Vienna 450g,$3.00,$3.00 / 1EA
Woolworths Free From Gluten White Wraps 4 Pack,$5.50,$2.75 / 100G
Nutella Hazelnut Chocolate Spread 400g,$5.70,$1.43 / 100G
Cobs Popcorn Sea Salt Gluten Free 80g,$2.45,$3.06 / 100G
Sanitarium Up&go Liquid Breakfast Vanilla Ice 12 Pack,$15.80,$5.27 / 1L
Arnott's Vita Weat Pumpkin Seed & Mixed Grain Crispbreads 250g,$4.00,$1.60 / 100G
Pauls Banana Custard Banana 70g,$1.90,$2.71 / 100G
Arnott's Gluten Free Tiny Teddy Choc Chip Biscuits 120g,$4.70,$3.92 / 100G
Cobs Natural Popcorn Lightly Salted Slightly Sweet 120g,$2.45,$2.04 / 100G
Primo Stackers Salami Rice Cheese & Crackers 45g,$3.00,$66.67 / 1KG
Kellogg's K-time Baked Twists Strawberry & Yoghurt Flavour Snack Bars 5 Pack,$5.50,$2.97 / 100G
Primo Stackers Leg Ham Cheese Cheese And Crackers 50g,$3.00,$60.00 / 1KG
Nestle Milo Dipped Snack Bars With White Chocolate 10 Pack,$8.00,$2.96 / 100G
Cavendish Bananas Each,$0.72,$0.72 / 1EA
Fresh Strawberry 250g,$2.50,$10.00 / 1KG
Hass Avocado Each,$1.80,$1.80 / 1EA
Woolworths Australian Grown Carrots 1kg,$1.40,$1.40 / 1KG
Fresh Tomato Each,$0.43,$0.43 / 1EA
Fresh Pink Lady Apples Each,$1.03,$1.03 / 1EA
Iceberg Lettuce Each,$2.90,$2.90 / 1EA
Fresh Blueberries Punnet 125g,$4.00,$32.00 / 1KG
Woolworths Fresh Food Kids Mini Pears 5 Pack,$3.50,$0.70 / 1EA
Sanitarium Up&go Liquid Breakfast Choc Ice 6 Pack,$10.50,$7.00 / 1L
Edens Bars Sesame 45g,$0.90,$2.00 / 100G
Cadbury Freddo & Friends Chocolate Dipped Biscuits Mini Bags 7 Pack,$4.00,$2.88 / 100G
Cheetos Cheese & Bacon Balls Multipack Snacks 6 Pack,$4.50,$4.41 / 100G
Woolworths Mini Blueberry Muffins 8 Pack,$4.70,$1.47 / 100G
Edgell Snack Time Chickpea Olive Oil Garlic & Rosemary 70g,$1.60,$2.29 / 100G
Woolworths Peaches In Juice Cups 4 Pack,$2.20,$4.40 / 1KG
Kraft Singles Original 432g,$7.00,$16.20 / 1KG
Noshu 97% Sugar Free Double Choc Snackles Bars 110g,$6.50,$5.91 / 100G
Smith's Multipack Variety Original Salted Mix 18 Pack,$8.90,$2.57 / 100G
Uncle Tobys Le Snak Tasty Cheese Dip & Crackers 6 Pack,$5.50,$4.17 / 100G
Hercules Click Zip Resealable Sandwich Bags 40 Pack,$2.35,$0.06 / 1EA
Hercules Click Zip Large Resealable Twinzip Sandwich Bags 25 Pack,$2.85,$0.11 / 1EA
Nuttelex Buttery Table Spread 500g,$5.20,$1.04 / 100G
Sanitarium Up&go Liquid Breakfast Strawberry 12 Pack,$15.80,$5.27 / 1L
Woolworths Mini Double Choc Muffins 8 Pack,$4.70,$1.47 / 100G
Uncle Tobys Muesli Bars Yoghurt & Mango & Passionfruit 6 Pack,$5.50,$2.97 / 100G
V8 Tropical Juice Juice 300ml,$1.50,$5.00 / 1L
Real Foods Corn Thins Sesame 150g,$2.00,$1.33 / 100G
Edgell Snack Time Chargrilled Corn Black Beans W Lime & Herbs 70g 70g,$1.60,$2.29 / 100G
Mother Earth Chocolate Chip Oaty Slice 6 Pack 240g,$3.30,$1.38 / 100G
Primo Stackers Chicken Cheese & Crackers 45g,$3.00,$66.67 / 1KG
Cavendish Bananas Each,$0.72,$0.72 / 1EA
Fresh Strawberry 250g,$2.50,$10.00 / 1KG
Hass Avocado Each,$1.80,$1.80 / 1EA
Woolworths Australian Grown Carrots 1kg,$1.40,$1.40 / 1KG
Fresh Tomato Each,$0.43,$0.43 / 1EA
Fresh Pink Lady Apples Each,$1.03,$1.03 / 1EA
Iceberg Lettuce Each,$2.90,$2.90 / 1EA
Fresh Blueberries Punnet 125g,$4.00,$32.00 / 1KG
Arnott's Clix Crackers 250g,$3.50,$1.40 / 100G
Fantastic Rice Crackers Bbq 100g,$1.75,$1.75 / 100G
Woolworths All Butter Croissant 3 Pack,$2.85,$0.95 / 1EA
John West Protein+ Vitamin B12 Tuna Capsicum & Basil With Crackers 94g,$3.50,$37.23 / 1KG
Woolworths Smooth Peanut Butter 500g,$2.90,$0.58 / 100G
Primo Duos Mild Twiggy Bites & Cheese Snack 50g,$3.00,$60.00 / 1KG
Woolworths Muesli Bar Choc Chip 8 Pack,$2.50,$1.01 / 100G
Sanitarium Up&go Liquid Breakfast Choc Ice 3 Pack,$5.60,$7.47 / 1L
Woolworths Tasty Cheese Block 1kg,$14.00,$14.00 / 1KG
Woolworths Bread White Extra Soft Loaf 680g,$2.70,$0.40 / 100G
Yoplait Chocolate Banana Pouch Yoghurt 130g,$1.80,$1.38 / 100G
John West Protein Plus Magnesium Tuna With Lime & Chilli 170g,$4.00,$23.53 / 1KG
Bega Tasty Cheese 500g,$10.50,$21.00 / 1KG
Woolworths White Soft Hi-fibre Bread 700g,$3.50,$0.50 / 100G
Woolworths Mini Bread Rolls Soft Lunch 12 Pack,$4.50,$0.38 / 1EA
Hercules Click Zip Resealable Snack Size Sandwich Bags 65 Pack,$3.25,$0.05 / 1EA
Uncle Tobys Le Snak Cheddar Cheese Dip & Crackers 12 Pack,$10.00,$3.79 / 100G
Sistema Plasticware Sandwich Box To Go Assorted Each,$6.00,
Sanitarium Up&go Liquid Breakfast Banana 12 Pack,$15.80,$5.27 / 1L
Spc Diced Peaches In Juice Fruit Cups 4 X 120g,$4.50,$9.38 / 1KG
Pauls Custard Pouch Strawberry 140g,$2.40,$1.71 / 100G
Bega Stringers Lactose Free Cheese 8 Pack,$7.00,$43.75 / 1KG
Table Of Plenty Mini Rice Cakes Dark Chocolate 6 Pack,$4.80,$5.71 / 100G
Sanitarium Up&go Liquid Breakfast Vanilla Ice 6 Pack,$10.50,$7.00 / 1L
Cavendish Bananas Each,$0.72,$0.72 / 1EA
Fresh Strawberry 250g,$2.50,$10.00 / 1KG
Hass Avocado Each,$1.80,$1.80 / 1EA
Woolworths Australian Grown Carrots 1kg,$1.40,$1.40 / 1KG
Fresh Tomato Each,$0.43,$0.43 / 1EA
Fresh Pink Lady Apples Each,$1.03,$1.03 / 1EA
Iceberg Lettuce Each,$2.90,$2.90 / 1EA
Fresh Blueberries Punnet 125g,$4.00,$32.00 / 1KG
D'orsogna Jarrah Honey Ham Off The Bone Freshly Shaved From The Deli Per Kg,$29.00,$29.00 / 1KG
Arnott's Cheds Cheese Crackers Cheese Crackers 250g,$4.00,$1.60 / 100G
D'orsogna Premium Ham Off The Bone Shaved From The Deli Per Kg,$29.00,$29.00 / 1KG
Aeroplane Ready To Eat Jelly Cup Snack Raspberry Flavour 120g,$1.50,$1.25 / 100G
Activia Danone Probiotic Yoghurt No Added Sugar Blueberry 125g X 4 Pack,$4.00,$0.80 / 100G
Woolworths Extra Tasty Cheese Slices 500g,$9.30,$18.60 / 1KG
Tasti Protein Bar Salted Caramel 200g,$5.00,$2.50 / 100G
Arnott's Cruskits 98% Fat Free Crispbreads 125g,$3.50,$2.80 / 100G
Uncle Tobys Muesli Bars Chewy White Choc Chip 6 Pack,$5.50,$2.97 / 100G
Essentials Aluminium Foil 30m,$4.60,$0.15 / 1M
Bega Peanut Butter Crunchy 780g,$7.50,$0.96 / 100G
Woolworths Bread Wholemeal Loaf 680g,$2.70,$0.40 / 100G
Noshu 96% Sugar Free Marshy Mellow Snackles Bars 110g,$6.50,$5.91 / 100G
Envy Apple Each,$1.21,$1.21 / 1EA
Woolworths Fruit Drink 35% Tropical 6x250ml,$3.50,$2.33 / 1L
Woolworths Bread Wholemeal Soft Loaf 800g,$3.50,$0.44 / 100G
Sanitarium Up&go Protein Energize Choc 250ml X6 Pack,$10.50,$7.00 / 1L
Golden Days Fruit Snacks Bites Apricot 5x40g,$5.00,$2.50 / 100G
Kettle Multipack Sea Salt 5 Pack,$4.15,$4.51 / 100G
Bravo Apple Fresh Each,$1.21,$1.21 / 1EA
Obela Hommus To Go Classic & Sakata Crackers 125g,$3.50,$2.80 / 100G
Bega Peanut Butter Smooth 780g,$7.50,$0.96 / 100G
Edgell Snack Time Chickpeas Salad Topper With Zesty Vinaigrette 70g,$1.60,$2.29 / 100G
Cavendish Bananas Each,$0.72,$0.72 / 1EA
Fresh Strawberry 250g,$2.50,$10.00 / 1KG
Hass Avocado Each,$1.80,$1.80 / 1EA
Woolworths Australian Grown Carrots 1kg,$1.40,$1.40 / 1KG
Fresh Tomato Each,$0.43,$0.43 / 1EA
Fresh Pink Lady Apples Each,$1.03,$1.03 / 1EA
Iceberg Lettuce Each,$2.90,$2.90 / 1EA
Fresh Blueberries Punnet 125g,$4.00,$32.00 / 1KG
Cheer Cheese Slices Tasty 750g,$14.00,$18.67 / 1KG
Farmers Union Plus Vanilla & Honey Yogurt 160g,$1.90,$1.19 / 100G
Kellogg's K-time Baked Twists Raspberry & Apple Flavour Snack Bars 5 Pack,$5.50,$2.97 / 100G
Woolworths Tasty Cheese & Crackers 120g,$4.40,$36.67 / 1KG
Capilano 100% Pure Australian Honey Squeeze 500g,$8.60,$1.72 / 100G
Woolworths Mini Banana Muffin 8 Pack,$4.70,$1.47 / 100G
Woolworths Free From Gluten Chocolate Chip Biscuit 160g,$2.70,$1.69 / 100G
Woolworths Dreamy Chocolate Chip Cookies 5 Pack,$2.50,$0.50 / 1EA
Farmers Union Plus Mango Yoghurt 160g,$1.90,$1.19 / 100G
Woolworths Cherry Bocconcini 220g,$4.80,$21.82 / 1KG
Kraft Singles Original 216g,$5.25,$24.31 / 1KG
Hillview Cheese Slices Reduced Fat 500g,$4.75,$9.50 / 1KG
Bega Tasty Natural Cheese Slices 15 Pack 250g,$6.00,$24.00 / 1KG
Sistema Plasticware Dressing Pot To Go Each,$6.00,
Sanitarium Up&go Liquid Breakfast Strawberry 6 Pack,$10.50,$7.00 / 1L
Uncle Tobys Muesli Bars Chewy Apricot 6 Pack,$5.50,$2.97 / 100G
Bega Strong & Bitey Vintage Cheese Slices 500g,$11.00,$22.00 / 1KG
Sanitarium Up&go Liquid Breakfast Strawberry 3 Pack,$5.60,$7.47 / 1L
Armada Baking Paper 50m,$8.00,$0.16 / 1M
Golden Days Fruit Apricot Coconut Slice 150g,$3.00,$2.00 / 100G
Belvita Chocolate Breakfast Biscuits 300g,$4.50,$1.50 / 100G
Armada Baking Paper 15m,$3.00,$0.20 / 1M
True Fruit Strapple Apple & Strawberry Fruit Strips 120g,$5.00,$4.17 / 100G
Cavendish Bananas Each,$0.72,$0.72 / 1EA
Fresh Strawberry 250g,$2.50,$10.00 / 1KG
Hass Avocado Each,$1.80,$1.80 / 1EA
Woolworths Australian Grown Carrots 1kg,$1.40,$1.40 / 1KG
Fresh Tomato Each,$0.43,$0.43 / 1EA
Fresh Pink Lady Apples Each,$1.03,$1.03 / 1EA
Iceberg Lettuce Each,$2.90,$2.90 / 1EA
Fresh Blueberries Punnet 125g,$4.00,$32.00 / 1KG
Cobs Natural Popcorn Best Ever Butter 5 Pack,$4.00,$6.15 / 100G
Butterfingers Gluten Free Shortbread Biscuits Pure Butter 175g,$5.70,$3.26 / 100G
Uncle Tobys Le Snak Cheddar Cheese Dip & Crackers 6 Pack,$5.50,$4.17 / 100G
Cheezels Multipack 6pk 114g,$4.15,$3.64 / 100G
Hercules Twin Zip Resealable Storage Bags Large 40 Pack,$7.50,$0.19 / 1EA
Edgell Snack Time Chickpeas With Olive Oil & Sea Salt 70g,$1.60,$2.29 / 100G
Woolworths Natural Tasty Cheese & Crackers Each 50g,$1.90,$38.00 / 1KG
Woolworths Free From Gluten Mint Creme Biscuit 145g,$3.50,$2.41 / 100G
Woolworths Soya Crisps Chilli & Lime Snacks 400g Pack,$6.00,$15.00 / 1KG
Nutella Hazelnut Chocolate Spread 1kg,$11.00,$1.10 / 100G
Philadelphia Original Cream Cheese Spread Tub 250g,$5.70,$22.80 / 1KG
Obela Tzatziki To Go Classic & Sakata Crackers 125g,$3.50,$2.80 / 100G
Pauls Custard Pouch Chocolate 140g,$2.40,$1.71 / 100G
Woolworths Bread White Extra Soft Loaf 800g,$3.50,$0.44 / 100G
Edgell Snack Time Black Beans Charred & Capsicum With Zesty Salsa 70g,$1.60,$2.29 / 100G
Mother Earth Golden Baked Oaty Slice Raspberry Chocolate 6 Pack 240g,$3.30,$1.38 / 100G
Sanitarium Up&go Liquid Breakfast Vanilla Ice 3 Pack,$5.60,$7.47 / 1L
Sanitarium Up&go Protein Energize Choc 250ml X3 Pack,$5.60,$7.47 / 1L
French Fries Multipack Original 6 Pack,$4.15,$3.74 / 100G
Woolworths Extra Tasty Cheese Block 500g,$7.70,$15.40 / 1KG
Woolworths Crunchy Peanut Butter 500g,$2.90,$0.58 / 100G
D'orsogna Premium Ham Off The Bone Sliced From The Deli Per Kg,$29.00,$29.00 / 1KG
Woolworths Tasty Light Cheese Slices 500g,$9.30,$18.60 / 1KG
Carman's Gourmet Protein Bars Dark Choc & Cranberry 200g,$5.00,$2.50 / 100G
Cavendish Bananas Each,$0.72,$0.72 / 1EA
Fresh Strawberry 250g,$2.50,$10.00 / 1KG
Hass Avocado Each,$1.80,$1.80 / 1EA
Woolworths Australian Grown Carrots 1kg,$1.40,$1.40 / 1KG
Fresh Tomato Each,$0.43,$0.43 / 1EA
Fresh Pink Lady Apples Each,$1.03,$1.03 / 1EA
Iceberg Lettuce Each,$2.90,$2.90 / 1EA
Fresh Blueberries Punnet 125g,$4.00,$32.00 / 1KG
Woolworths Tropical Juice 6x250ml,$4.00,$2.67 / 1L
Kinder Happy Hippo Cocoa Biscuit Multipack 5 Pack,$3.50,$3.38 / 100G
Sistema Plasticware Breakfast To Go 530ml Each,$6.00,
Obela Smooth Classic Hommus To Go Singles 60g X3 Pack,$3.50,$1.94 / 100G
Bellis Bar Apricot 45g,$1.00,$2.22 / 100G
Spc Diced Fruit Salad In Juice Fruit Cups 4 X 120g,$4.50,$9.38 / 1KG
D'orsogna Roast Chicken 320g,$6.50,$20.31 / 1KG
Woolworths Chips Variety Pack 20 Pack 380g,$5.75,$1.51 / 100G
Woolworths Strawberry Milk 6x200ml,$4.60,$3.83 / 1L
Nutella Hazelnut Chocolate Spread 220g,$4.10,$1.86 / 100G
Honeydew Large Half Each,$3.45,$3.45 / 1EA
Nuttelex Polyunsaturated Margarine Spread 500g,$5.20,$1.04 / 100G
Primo Ham Double Smoked 100g,$3.70,$37.00 / 1KG
Farmers Union Plus Passionfruit Yogurt 160g,$1.90,$1.19 / 100G
Edgell Snack Time Red Kidney Beans Salad Topper With Chilli 70g,$1.60,$2.29 / 100G
Woolworths Cheese Cubes 500g,$10.50,$21.00 / 1KG
Uncle Tobys Nestle Milo Chewy Muesli Bars 6 Pack,$5.50,$2.97 / 100G
Sanitarium Up&go Liquid Breakfast Banana 3 Pack,$5.60,$7.47 / 1L
Devondale Extra Soft Butter Blend 750g,$9.95,$1.33 / 100G
Sanitarium Up&go Liquid Breakfast Banana 6 Pack,$10.50,$7.00 / 1L
Hercules Click Zip Resealable Sandwich Bags 75 Pack,$4.25,$0.06 / 1EA
Primo Stackers Spicy Chrizo Cheese And Crackers 50g,$3.00,$60.00 / 1KG
Abe's Bagel Bakery Natural Bagels 360g 4 Pack,$4.50,$1.13 / 1EA
Cavendish Bananas Each,$0.72,$0.72 / 1EA
Fresh Strawberry 250g,$2.50,$10.00 / 1KG
Hass Avocado Each,$1.80,$1.80 / 1EA
Woolworths Australian Grown Carrots 1kg,$1.40,$1.40 / 1KG
Fresh Tomato Each,$0.43,$0.43 / 1EA
Fresh Pink Lady Apples Each,$1.03,$1.03 / 1EA
Iceberg Lettuce Each,$2.90,$2.90 / 1EA
Fresh Blueberries Punnet 125g,$4.00,$32.00 / 1KG
D'orsogna Deli Fresh Ham Premium Leg 100g,$2.80,$28.00 / 1KG
Sistema To Go Portion Pod Assorted 2 Pack,$8.00,
Woolworths Swiss Light Cheese Slices 200g,$5.00,$25.00 / 1KG
Essentials Cling Wrap 60m,$1.70,$0.03 / 1M
Devondale Extra Soft Butter Blend 500g,$7.50,$1.50 / 100G
Woolworths Peach In Mango Flavoured Jelly 4 Pack,$2.20,$4.58 / 1KG
Sistema Plasticware Snack To Go Each,$6.20,
Table Of Plenty Milk Chocolate Snack Pack 84g,$4.80,$5.71 / 100G
Woolworths Colby Cheese Slices 500g,$9.30,$18.60 / 1KG
Woolworths Fruit Salad In Juice Cups 4 Pack,$2.20,$4.40 / 1KG
Tasti Protein Bar Nutty Choc 200g,$5.00,$2.50 / 100G
Primo Chicken Breast Thinly Sliced 80g,$3.70,$46.25 / 1KG
Primo English Ham 100g,$3.70,$37.00 / 1KG
Woolworths Extra Tasty Cheese & Crackers 120g,$4.40,$36.67 / 1KG
Glad Snap Lock Resealable Large Sandwich Bags 30 Pack,$3.00,$0.10 / 1EA
Aunt Betty's Creamy Rice Dessert Natural Vanilla 240g,$2.50,$1.04 / 100G
Woolworths Natural Cheese Sticks 160g,$5.50,$34.38 / 1KG
"Uncle Tobys Protein Raspberry, Goji & White Choc Muesli Bars 5 Pack",$3.35,$1.91 / 100G
Uncle Tobys Protein Caramel Flavour Dark Choc Muesli Bars 5 Pack,$3.35,$1.91 / 100G
Woolworths Cheese & Crackers Light Tasty 50g Each,$1.90,$38.00 / 1KG
The Happy Snack Company Roasted Chickpeas Lime And Cracked Pepper 6 Pack,$6.00,$4.00 / 100G
Bega Strong & Bitey Vintage Cheese 500g,$10.50,$21.00 / 1KG
Cavendish Bananas Each,$0.72,$0.72 / 1EA
Fresh Strawberry 250g,$2.50,$10.00 / 1KG
Hass Avocado Each,$1.80,$1.80 / 1EA
Woolworths Australian Grown Carrots 1kg,$1.40,$1.40 / 1KG
Fresh Tomato Each,$0.43,$0.43 / 1EA
Fresh Pink Lady Apples Each,$1.03,$1.03 / 1EA
Iceberg Lettuce Each,$2.90,$2.90 / 1EA
Fresh Blueberries Punnet 125g,$4.00,$32.00 / 1KG
Woolworths Chocolate Milk 6x200ml,$4.60,$3.83 / 1L
Devondale Dairy Soft Butter Blend 500g,$7.50,$1.50 / 100G
Woolworths Cookies Choc Chip 24 Pack,$6.50,$0.27 / 1EA
Woolworths Black Sesame Brown Rice Cracker 100g,$1.35,$1.35 / 100G
Butterfingers Gluten Free Shortbread Biscuits Macadamia 175g,$6.40,$3.66 / 100G
Sanitarium Up&go Protein Energize Coffee 250ml X6 Pack,$10.50,$7.00 / 1L
Woolworths Fruit Drink 35% Apple 6x250ml,$3.50,$2.33 / 1L
Nutella Hazelnut Chocolate Spread 750g,$9.75,$1.30 / 100G
Woolworths Hawaiian Jumbo Roll 2 Pack,$3.40,$1.70 / 1EA
Golden Days Fruit Snacks Bites Apricot Delight 150g,$3.00,$2.00 / 100G
Spc Tropics Mangoes In Juice Fruit Cups 4 X 120g,$4.50,$9.38 / 1KG
Meadowlea Original Spread Original 1kg,$7.00,$0.70 / 100G
Woolworths Two Fruits In Tropical Jelly 4 Pack,$2.20,$4.58 / 1KG
Golden Pikelets 8 Pack,$4.50,$0.56 / 1EA
Woolworths Pear In Raspberry Flavoured Jelly 4x120g,$2.20,$4.58 / 1KG
Mother Earth Golden Baked Oaty Slice Golden Oats 6 Pack 240g,$3.30,$1.38 / 100G
Woolworths Apple Juice 6x250ml,$4.00,$2.67 / 1L
Golden Circle Fruit Drinks Lunch Box Poppers Multipack Sunshine Punch 250ml X6 Pack,$5.10,$3.40 / 1L
Chickadees Multipack 6 Pack,$4.15,$3.64 / 100G
Mainland On The Go Special Reserve Cheese And Crackers 50g,$2.50,$50.00 / 1KG
Woolworths Loaf Crusty Cobb 450g,$3.00,$3.00 / 1EA
Woolworths Blueberry Muffins 4 Pack,$4.70,$1.12 / 100G
The Happy Snack Company Roasted Fava Beans Sea Salt And Balsamic Vinegar 6 Pack,$6.00,$4.00 / 100G
Cavendish Bananas Each,$0.72,$0.72 / 1EA
Fresh Strawberry 250g,$2.50,$10.00 / 1KG
Hass Avocado Each,$1.80,$1.80 / 1EA
Woolworths Australian Grown Carrots 1kg,$1.40,$1.40 / 1KG
Fresh Tomato Each,$0.43,$0.43 / 1EA
Fresh Pink Lady Apples Each,$1.03,$1.03 / 1EA
Iceberg Lettuce Each,$2.90,$2.90 / 1EA
Fresh Blueberries Punnet 125g,$4.00,$32.00 / 1KG
Cavendish Bananas Each,$0.72,$0.72 / 1EA
Fresh Strawberry 250g,$2.50,$10.00 / 1KG
Hass Avocado Each,$1.80,$1.80 / 1EA
Woolworths Australian Grown Carrots 1kg,$1.40,$1.40 / 1KG
Fresh Tomato Each,$0.43,$0.43 / 1EA
Fresh Pink Lady Apples Each,$1.03,$1.03 / 1EA
Iceberg Lettuce Each,$2.90,$2.90 / 1EA
Fresh Blueberries Punnet 125g,$4.00,$32.00 / 1KG
Cavendish Bananas Each,$0.72,$0.72 / 1EA
Fresh Strawberry 250g,$2.50,$10.00 / 1KG
Hass Avocado Each,$1.80,$1.80 / 1EA
Woolworths Australian Grown Carrots 1kg,$1.40,$1.40 / 1KG
Fresh Tomato Each,$0.43,$0.43 / 1EA
Fresh Pink Lady Apples Each,$1.03,$1.03 / 1EA
Iceberg Lettuce Each,$2.90,$2.90 / 1EA
Fresh Blueberries Punnet 125g,$4.00,$32.00 / 1KG
Woolworths Smoked Beef Pastrami Freshly Sliced From The Deli Per Kg,$31.00,$31.00 / 1KG
Woolworths Two Fruits In Juice Cups 4 Pack,$2.20,$4.40 / 1KG
Babybel Cheese Portions 200g,$11.20,$56.00 / 1KG
Woolworths Bread Grain Loaf 800g,$3.50,$0.44 / 100G
Woolworths Fruit Drink 35% Orange Mango 6x250ml,$3.50,$2.33 / 1L
Primo Pastrami 80g,$3.70,$46.25 / 1KG
Spc Apple Puree Cups 4 X 120g,$4.50,$9.38 / 1KG
Primo Duos Cabanossi & Cheese Snack 50g,$3.00,$60.00 / 1KG
Capilano 100% Pure Australian Honey Squeeze 340g,$5.95,$1.75 / 100G
Mainland Tasty Cheese 500g,$11.00,$22.00 / 1KG
Woolworths Mini Iced Cupcakes With Sprinkles 24 Pack,$11.00,$0.46 / 1EA
Woolworths Double Choc Chip Muffin 4 Pack,$4.70,$1.12 / 100G
Mayver's Crunchy Peanut Butter 375g,$5.80,$1.55 / 100G
Golden Circle Fruit Drinks Lunch Box Poppers Multipack Apple Splash 250ml X6 Pack,$5.10,$3.40 / 1L
Laughing Cow Cheese Light 128g,$4.00,$31.25 / 1KG
The Happy Snack Company Roasted Chickpeas Lightly Salted 6 Pack,$6.00,$4.00 / 100G
Spc Apple & Strawberry Puree Cups 4 X 120g,$4.50,$9.38 / 1KG
Golden Circle Fruit Drinks Lunch Box Poppers Multipack Golden Pash 250ml X6 Pack,$5.10,$3.40 / 1L
Woolworths Bun Finger Iced With Rainbow Sprinkles 4 Pack,$3.50,$0.88 / 1EA
Woolworths Gouda Cheese Slices 200g,$5.00,$25.00 / 1KG
Glad Snaplock Storage 10 Pack,$3.00,$0.30 / 1EA
Woolworths Light Tasty Cheese & Crackers 120g,$4.40,$36.67 / 1KG
Decor Reusable Stainless Steel Straws 5 Pack,$10.50,
Arnott's Gluten Free Choc Ripple Plain Biscuits 150g,$4.70,$3.13 / 100G
Cavendish Bananas Each,$0.72,$0.72 / 1EA
Fresh Strawberry 250g,$2.50,$10.00 / 1KG
Hass Avocado Each,$1.80,$1.80 / 1EA
Woolworths Australian Grown Carrots 1kg,$1.40,$1.40 / 1KG
Fresh Tomato Each,$0.43,$0.43 / 1EA
Fresh Pink Lady Apples Each,$1.03,$1.03 / 1EA
Iceberg Lettuce Each,$2.90,$2.90 / 1EA
Fresh Blueberries Punnet 125g,$4.00,$32.00 / 1KG
Cheer Cheese Block Tasty 1kg,$14.95,$14.95 / 1KG
Dairyworks Tasty Cheese & Rice Cracker 10 Pack,$11.00,$36.67 / 1KG
Bega Cream Cheese Spread Spread 500g,$7.00,$14.00 / 1KG
Mainland On The Go Tasty Cheese And Crackers 50g,$2.50,$50.00 / 1KG
Macro Popcorn Air Popped Light 20g,$1.60,$8.00 / 100G
Uncle Tobys Protein Muesli Bar Lemon With A Yoghurty Drizzle 5 Pack,$3.35,$1.91 / 100G
Dairyworks Colby Cheese & Rice Crackers 4x120g,$5.00,$41.67 / 1KG
Macro Organic Royal Gala Apple Punnet 1kg,$7.50,$7.50 / 1KG
"Woolworths Sliced Mild Salami With Tasty Cheese, Garlic Stuffed Olives 60g",$3.30,$55.00 / 1KG
Carman's Muesli Bars Fruits & Nuts 12 Pack,$10.80,$2.00 / 100G
Dairyworks Cheddar Cheese Burger Slices 200g,$6.00,$30.00 / 1KG
Nice & Natural Thick Shake Bars Strawberry Flavour 6 Pack,$5.00,$4.17 / 100G
Olina's Seeded Snackers Balsamic Vinegar & Onion 140g,$4.50,$3.21 / 100G
Woolworths Mango In Mango Jelly 4 Pack,$2.20,$4.58 / 1KG
Mainland Munchables Tasty Cheese & Crackers 4 Pack,$7.00,$58.33 / 1KG
Sistema Tritan Active Water Bottle Assorted Each,$14.00,$14.00 / 1EA
Dairylea Fridge Sticks Cheese 160g,$5.00,$31.25 / 1KG
Golden Circle Blended Fruit Puree Strawberry Apple Pear Lunch Box Pouch 120g,$1.80,$15.00 / 1KG
Nuttelex Olive Table Spread 500g,$4.80,$0.96 / 100G
Dairyworks Tasty Cheese Slices 500g,$9.00,$18.00 / 1KG
Golden Circle Apple Blackcurrant Poppers Fruit Drink Multipack Lunchbox 250ml X6 Pack,$5.10,$3.40 / 1L
Woolworths Free From Gluten Gingernut Biscuit 155g,$2.70,$1.74 / 100G
Woolworths Apple In Pineapple Jelly 4 Pack,$2.20,$4.58 / 1KG
Toscano Macarons 144g,$10.50,$7.29 / 100G
Cavendish Bananas Each,$0.72,$0.72 / 1EA
Fresh Strawberry 250g,$2.50,$10.00 / 1KG
Hass Avocado Each,$1.80,$1.80 / 1EA
Woolworths Australian Grown Carrots 1kg,$1.40,$1.40 / 1KG
Fresh Tomato Each,$0.43,$0.43 / 1EA
Fresh Pink Lady Apples Each,$1.03,$1.03 / 1EA
Iceberg Lettuce Each,$2.90,$2.90 / 1EA
Fresh Blueberries Punnet 125g,$4.00,$32.00 / 1KG
Macro Natural Almond Spread 250g,$5.70,$2.28 / 100G
Woolworths Free From Gluten Seeded Bread 550g,$6.25,$1.14 / 100G
Carman's Aussie Oat Muesli Bars Brownie With Choc 6 Pack,$5.90,$3.28 / 100G
True Fruit Gogo Apple Mango & Apple Fruit Strips 120g,$5.00,$4.17 / 100G
"Carman's Almond, Cashew & Cranberry Nut Bars 5 Pack",$6.90,$3.94 / 100G
Nestle Milo Snack Bars Original 10 Pack,$8.00,$3.81 / 100G
The Happy Snack Company Roasted Fava Beans Lightly Salted 6 Pack,$6.00,$4.00 / 100G
Glad Cling Wrap 60m,$5.25,$0.09 / 1M
Liddells Lactose Free Probiotic Yoghurt Tropical 140g X 4 Pack,$6.20,$1.11 / 100G
D'orsogna Deli Fresh Ham Champagne Leg 100g,$2.80,$28.00 / 1KG
Golden Circle Orange Fruit Drink Poppers Lunchbox Lunch Box Popper 250ml X6 Pack,$5.10,$3.40 / 1L
Mini Chocolate Croissant 8 Pack,$4.00,$0.50 / 1EA
Carman's Aussie Oat Muesli Bars Apple Pie & Custard 6 Pack,$5.90,$3.28 / 100G
Thermos Food Jar Assorted 350ml,$26.00,
Glad Cling Wrap 150m,$10.50,$0.07 / 1M
Sistema Lunch Cube Max To Go Assorted Each,$11.00,
Glad Resealable Sandwich Bags 50 Pack,$3.60,$0.07 / 1EA
Jarlsberg Original Cheese Slices Sliced Cheese 150g,$7.50,$50.00 / 1KG
Nice & Natural Chocolate Nut Bar Peanut & Almond 6 Pack,$5.00,$2.78 / 100G
Bega Peanut Butter Crunchy 375g,$5.40,$1.44 / 100G
Carman's Dark Choc Cherry Coconut Bar 210g,$5.50,$2.62 / 100G
Carman's Oat Slice Bites Variety Pack 320g,$10.80,$3.38 / 100G
Fresh Beurre Bosc Pear 750g Punnet,$2.90,$3.87 / 1KG
Cavendish Bananas Each,$0.72,$0.72 / 1EA
Fresh Strawberry 250g,$2.50,$10.00 / 1KG
Hass Avocado Each,$1.80,$1.80 / 1EA
Woolworths Australian Grown Carrots 1kg,$1.40,$1.40 / 1KG
Fresh Tomato Each,$0.43,$0.43 / 1EA
Fresh Pink Lady Apples Each,$1.03,$1.03 / 1EA
Iceberg Lettuce Each,$2.90,$2.90 / 1EA
Fresh Blueberries Punnet 125g,$4.00,$32.00 / 1KG
Cavendish Bananas Each,$0.72,$0.72 / 1EA
Fresh Strawberry 250g,$2.50,$10.00 / 1KG
Hass Avocado Each,$1.80,$1.80 / 1EA
Woolworths Australian Grown Carrots 1kg,$1.40,$1.40 / 1KG
Fresh Tomato Each,$0.43,$0.43 / 1EA
Fresh Pink Lady Apples Each,$1.03,$1.03 / 1EA
Iceberg Lettuce Each,$2.90,$2.90 / 1EA
Fresh Blueberries Punnet 125g,$4.00,$32.00 / 1KG
Sistema Bottle Quick Flip Assorted 800ml,$13.25,
Prima Tropical Fruit Drink 6x200ml,$4.60,$3.83 / 1L
Multix Easy Tear Off Freezer Bags Medium 80 Pack,$3.00,$0.04 / 1EA
Mainland Extra Tasty Block 500g,$11.00,$22.00 / 1KG
Bega Strong & Bitey Cheese Slices 15 Pack 250g,$6.00,$24.00 / 1KG
Golden Circle Blended Fruit Puree Apple & Passionfruit Lunch Box Pouch 120g,$1.80,$15.00 / 1KG
Macro Lentil Bites Beetroot 6 Pack,$5.00,$4.63 / 100G
Carman's Dark Choc Macadamia Coconut Nut Bars 160g,$6.90,$4.31 / 100G
Connect Foods Pumpkin Seeds Pink Himalayan Salt 125g,$4.00,$3.20 / 100G
Olina's Seeded Snackers Roasted Beetroot 140g,$4.50,$3.21 / 100G
Pauls Bluey Strawberry Milk 250ml,$2.25,$9.00 / 1L
Envy Apple 1kg Punnet,$6.90,$6.90 / 1KG
Nice & Natural Nut Bar Chocolate 6 Pack,$5.00,$2.60 / 100G
Sistema Klipo Cutlery Set To Go Each,$8.00,
Woolworths Mini Mighty Cheese Pinwheel 8 Pack,$4.00,$0.50 / 1EA
Bio Cheese Dairy Free Cheddar Slices 200g,$7.20,$36.00 / 1KG
Devondale Tasty Cheese Block 625g,$12.00,$19.20 / 1KG
The Happy Snack Company Kids Fava Beans Pizza 10 Pack,$6.00,$4.00 / 100G
Nice & Natural Nut Bar Trail Mix 6 Pack,$5.00,$2.60 / 100G
Olina's Seeded Snackers Chilli & Lime 140g,$4.50,$3.21 / 100G
Just Juice Apple Juice 6x200ml,$5.10,$4.25 / 1L
D'orsogna Deli Fresh Ham Honey 100g,$2.80,$28.00 / 1KG
Devondale Colby Cheese Block 625g,$12.00,$19.20 / 1KG
Carman's Aussie Oat Muesli Bars Vanilla Birthday Cake 6 Pack,$5.90,$3.28 / 100G
Cavendish Bananas Each,$0.72,$0.72 / 1EA
Fresh Strawberry 250g,$2.50,$10.00 / 1KG
Hass Avocado Each,$1.80,$1.80 / 1EA
Woolworths Australian Grown Carrots 1kg,$1.40,$1.40 / 1KG
Fresh Tomato Each,$0.43,$0.43 / 1EA
Fresh Pink Lady Apples Each,$1.03,$1.03 / 1EA
Iceberg Lettuce Each,$2.90,$2.90 / 1EA
Fresh Blueberries Punnet 125g,$4.00,$32.00 / 1KG
Glad To Be Green Compostable Brown Bake Paper 15m,$4.00,$0.27 / 1M
Sanitarium Crunchy Peanut Butter 500g,$4.00,$0.80 / 100G
Cheer Cheese Slices Tasty 500g,$11.00,$22.00 / 1KG
Woolworths Free From Creme Choc Biscuits 120g,$2.70,$2.25 / 100G
Dairylea Cheddar Cheese 500g,$7.90,$15.80 / 1KG
Nice & Natural Thick Shake Bars Chocolate Flavoured 6 Pack,$5.00,$4.17 / 100G
Mayver's Smooth Peanut Butter 750g,$9.80,$1.31 / 100G
Glad Snaplock Reseal Sandwich Bags 100 Pack,$5.50,$0.06 / 1EA
Aeroplane Ready To Eat Jelly Cup Snack Pineapple Flavour 120g,$1.50,$1.25 / 100G
Arnott's Gluten Free Scotch Finger Biscuits 170g,$4.70,$2.76 / 100G
Bega So Light 50% Reduced Fat Cheese Slices 30 Pack,$11.00,$22.00 / 1KG
Woolworths Pineapple In Juice 4 Pack,$2.20,$4.40 / 1KG
Mainland Munchables Rice Crackers 4 Pack,$7.00,$58.33 / 1KG
Sa Gourmet Food Co Strawberry Custard 120g,$1.70,$1.42 / 100G
Mayver's Crunchy Peanut Butter 750g,$9.80,$1.31 / 100G
Carman's Peanut Butter Protein Bar 4 Pack,$5.00,$2.78 / 100G
Sistema Plasticware Salad To Go Assorted Each,$11.00,
The Happy Snack Company Roasted Fava Beans Red Pepper & Chilli 6 Pack,$6.00,$4.00 / 100G
Sistema Stainless Steel Bottle Double Walled Assorted 500ml,$22.75,
The Happy Snack Company Roasted Fava Beans Smoky Bbq 6 Pack,$6.00,$4.00 / 100G
Woolworths Light Tasty Cheese Block 250g,$6.00,$24.00 / 1KG
Devondale Moo Chocolate Milk 6x200ml,$6.60,$5.50 / 1L
Cavendish Bananas Each,$0.72,$0.72 / 1EA
Fresh Strawberry 250g,$2.50,$10.00 / 1KG
Hass Avocado Each,$1.80,$1.80 / 1EA
Woolworths Australian Grown Carrots 1kg,$1.40,$1.40 / 1KG
Fresh Tomato Each,$0.43,$0.43 / 1EA
Fresh Pink Lady Apples Each,$1.03,$1.03 / 1EA
Iceberg Lettuce Each,$2.90,$2.90 / 1EA
Fresh Blueberries Punnet 125g,$4.00,$32.00 / 1KG
Sanitarium Smooth No Added Sugar Or Salt Peanut Butter 500g,$4.00,$0.80 / 100G
Cheer Cheese Slices Tasty Light 750g,$14.00,$18.67 / 1KG
Golden Circle Blended Fruit Puree Mango & Pineapple Lunch Box Pouch 120g,$1.80,$15.00 / 1KG
Sistema Ss Dual Wall Bottle 1l Each,$33.50,
Multix Aluminium Foil Wide 30m,$7.65,$0.26 / 1M
Carman's Roasted Nut Bars Greek Style Yoghurt Blueberry 160g,$6.90,$4.31 / 100G
Dairyworks Tasty Block 500g,$8.00,$16.00 / 1KG
Flora Margarine Spread Original 500g,$5.25,$1.05 / 100G
Sistema Twist & Sip Swift Bottle 480ml Assorted Each,$6.50,
Sanitarium Natural Crunchy Peanut Butter 375g,$3.50,$0.93 / 100G
Glad Bake & Cooking Paper 40m,$7.50,$0.19 / 1M
Sistema Bottle Gripper To Go Assorted 800ml Each,$11.50,
Carman's Almond Hazelnut & Vanilla Nut Bars 35g X10 Pack,$10.80,$3.09 / 100G
Decor Double Wall Smoothie & Coffee Tumbler 650ml Assorted Each,$25.50,
Prima Apple Fruit Drink 6x200ml,$4.60,$3.83 / 1L
"Carman's Honey, Vanilla & Cinnamon Gourmet Porridge Sachets 320g",$5.00,$1.56 / 100G
Mainland On The Go Snack Caramelised Onion 110g,$5.50,$50.00 / 1KG
Glad To Be Green 50% Plant Based Sandwich Bags 40 Pack,$4.00,$0.10 / 1EA
Prima Apple & Raspberry Fruit Drink 6x200ml,$4.60,$3.83 / 1L
Pop Tops Apple & Blackcurrent Fruit Drink 250ml X 6 Pack,$5.90,$3.93 / 1L
Abbott's Bakery Gluten Free Farmhouse Wholemeal Bread Slice Loaf 500g,$7.80,$1.56 / 100G
Primo Mini Mix Ups Paw Patrol Chicken Breast Cheese & Cookie 35g,$3.00,$85.71 / 1KG
Carman's Low Sugar & Low Carb Bars Honeycomb Whip 3 Pack,$6.90,$5.75 / 100G
Cavendish Bananas Each,$0.72,$0.72 / 1EA
Fresh Strawberry 250g,$2.50,$10.00 / 1KG
Hass Avocado Each,$1.80,$1.80 / 1EA
Woolworths Australian Grown Carrots 1kg,$1.40,$1.40 / 1KG
Fresh Tomato Each,$0.43,$0.43 / 1EA
Fresh Pink Lady Apples Each,$1.03,$1.03 / 1EA
Iceberg Lettuce Each,$2.90,$2.90 / 1EA
Fresh Blueberries Punnet 125g,$4.00,$32.00 / 1KG
Devondale Sandwich Cheese Slices 500g,$7.50,$15.00 / 1KG
Oak Chocolate Flavoured Milk 3x250ml,$4.35,$5.80 / 1L
Kez's Kitchen Gluten Free Choc Raspberry Vienna Eclairs 190g,$7.70,$4.05 / 100G
Golden Circle Blended Fruit Puree Berry & Apple Blackcurrant Lunchbox 120g,$1.80,$15.00 / 1KG
Carman's Gourmet Porridge Sachets Apple Sultana & Cinnamon 8x320g,$5.00,$1.56 / 100G
Carman's Raspberry & Pistachio Protein Bar 150g 5 Pack,$5.00,$3.33 / 100G
Sistema Bento Box To Go Assorted Each,$17.00,
"Carman's Almond, Hazelnut Vanilla Nut Bars 5 Pack",$6.90,$3.94 / 100G
Flora Margarine Spread Original 1kg,$8.95,$0.90 / 100G
Nature Valley Protein Peanut & Chocolate Bars 4 Pack,$6.90,$4.31 / 100G
Helga's Gluten Free Mixed Grains 500g,$7.50,$1.50 / 100G
Vessel Spring Water 750ml,$4.50,$6.00 / 1L
Balconi Trancetto Cocoa 10 Pack,$4.00,$0.40 / 1EA
Mainland On The Go Cheese Crackers Balsamic Beetroot Relish 110g,$5.50,$50.00 / 1KG
Praise 99% Fat Free Squeeze Mayonnaise 555g,$4.50,$0.81 / 100G
Macro Mini Organic Apple 1kg,$7.50,$7.50 / 1KG
The Happy Snack Company Kids Fava Beans Salt And Vinegar 10 Pack,$6.00,$4.00 / 100G
D'orsogna Deli Fresh Roast Chicken Free Range 100g,$2.80,$28.00 / 1KG
Woolworths Apricot Sun Dried 750g Pack,$11.25,$15.00 / 1KG
Just Juice Orange Juice 6x200ml,$5.10,$4.25 / 1L
Woolworths Danish Havarti Cheese Slices 200g,$5.00,$25.00 / 1KG
Macro Lentil Bites Carrot 6 Pack,$5.00,$4.63 / 100G
Mayver's Unsalted Smunchy Peanut Butter 375g,$5.80,$1.55 / 100G
Cavendish Bananas Each,$0.72,$0.72 / 1EA
Fresh Strawberry 250g,$2.50,$10.00 / 1KG
Hass Avocado Each,$1.80,$1.80 / 1EA
Woolworths Australian Grown Carrots 1kg,$1.40,$1.40 / 1KG
Fresh Tomato Each,$0.43,$0.43 / 1EA
Fresh Pink Lady Apples Each,$1.03,$1.03 / 1EA
Iceberg Lettuce Each,$2.90,$2.90 / 1EA
Fresh Blueberries Punnet 125g,$4.00,$32.00 / 1KG
Carman's Classic Fruit & Nut Muesli Bars 6 Pack,$5.50,$2.04 / 100G
Sanitarium Crunchy No Added Sugar Or Salt Peanut Butter 500g,$4.00,$0.80 / 100G
Nutino Hazelnut Spread Spread 400g,$5.20,$1.30 / 100G
Sistema Double Walled Stainless Steel Bottle 280ml,$16.75,
Mainland On The Go Chilli Jam With Cheddar Slices & Crackers 110g,$5.50,$50.00 / 1KG
Prima Orange Fruit Drink 6x200ml,$4.60,$3.83 / 1L
Golden Circle Blended Fruit Puree Banana & Berries Berry Lunch Box Pouch 120g,$1.80,$15.00 / 1KG
Coco Coast Natural Watermelon Water 500ml x 12 pack,$44.95,$7.49 / 1L
Carman's Muesli Bars Original Fruits Free 12 Pack,$10.80,$2.00 / 100G
Golden Circle Apple Juice No Added Sugar Popper Lunchbox Fruit Juices 200ml X6 Pack,$6.50,$5.42 / 1L
Hellmann's Real Mayonnaise Jar Real Mayonnaise 400 G,$7.50,$1.88 / 100G
Sistema Chic Double Wall Stainless Steel Bottle 600ml Assorted Each,$26.00,
Nutino Hazelnut Spread Spread 750g,$8.90,$1.19 / 100G
Golden Circle Apple Raspberry Poppers Lunch Box Fruit Drink Multipack 250ml X6 Pack,$5.10,$3.40 / 1L
Sistema Tritan Swift Bottle 600ml,$11.00,
Sistema To Go Salad & Sandwich 1.63l,$11.00,
The Happy Snack Company Kids Fava Beans Lightly Salted 10 Pack,$6.00,$4.00 / 100G
Carman's Original Fruit Free Muesli Bars 6 Pack,$5.50,$2.04 / 100G
Dairyworks Tasty Cheese & Crackers 120g,$5.00,$41.67 / 1KG
Multix Alfoil Traditional Strength 60m,$14.00,$0.23 / 1M
Pauls Bluey Chocolate Milk 250ml,$2.25,$9.00 / 1L
Woolworths Cheese Roll 4 Pack,$4.50,$1.13 / 1EA
Devondale Dairy Soft Salt Reduced Butter Blend 500g,$7.50,$1.50 / 100G
Cavendish Bananas Each,$0.72,$0.72 / 1EA
Fresh Strawberry 250g,$2.50,$10.00 / 1KG
Hass Avocado Each,$1.80,$1.80 / 1EA
Woolworths Australian Grown Carrots 1kg,$1.40,$1.40 / 1KG
Fresh Tomato Each,$0.43,$0.43 / 1EA
Fresh Pink Lady Apples Each,$1.03,$1.03 / 1EA
Iceberg Lettuce Each,$2.90,$2.90 / 1EA
Fresh Blueberries Punnet 125g,$4.00,$32.00 / 1KG
Pauls Bluey Chocolate Flavoured Milk 200ml X 6 Pack,$4.75,$3.96 / 1L
Berri Pop Tops Apple Blackcurrant Juice 250ml,$1.30,$5.20 / 1L
Helga's Gluten Free 5 Seed Loaf 500g,$7.50,$1.50 / 100G
Eskal Gluten Free Crackers 200g,$5.00,$2.50 / 100G
Sistema Lunch Stack To Go Rectangle 1.8l Each,$11.00,
Bega Light Vintage 25% Reduced Fat Cheese Slices 15 Pack 250g,$6.00,$24.00 / 1KG
Sistema Mega Fold Up Cooler Bag Each,$17.25,
Bega Light Tasty 50% Less Fat Cheese 500g,$10.50,$21.00 / 1KG
Food For Health Bars Fruit Free 150g,$7.00,$4.67 / 100G
Praise Whole Egg Mayonnaise Mayonnaise 445g,$6.00,$1.35 / 100G
Nice & Natural Nut Bar Yoghurt 6 Pack,$5.00,$2.60 / 100G
Kez's Kitchen Gluten Free Lemon Cream Melting Moments 190g,$7.70,$4.05 / 100G
Nice & Natural Protein Wholeseed Bars Cranberry & Raspberry 5 Pack,$4.80,$3.20 / 100G
Mayver's Dark Roasted Peanut Butter Crunchy 750g,$9.80,$1.31 / 100G
Mainland Cracker Cuts Tasty Cheese 120g,$6.00,$50.00 / 1KG
Just Juice Apple & Blackcurrant Juice 6x200ml,$5.10,$4.25 / 1L
Golden Circle Berry Burst Refreshers Popper Low Sugar Flavoured Water 250ml X6 Pack,$5.80,$3.87 / 1L
"Macro Natural Brazil, Almond & Cashew Spread 250g",$5.70,$2.28 / 100G
Pic's Peanut Butter Smooth 380g,$7.50,$1.97 / 100G
Devondale Moo Strawberry Milk 6x200ml,$6.60,$5.50 / 1L
Woolworths Free From Gluten Croissants 2 Pack,$5.50,$2.75 / 100G
Mayver's Smunchy Protein Plus Peanut Butter 375g,$6.50,$1.73 / 100G
Bc Snacks White Chocolate Raspberry Truffle High Protein Bar 40g,$3.50,$8.75 / 100G
Carman's Original Fruit Free Muesli 500g,$4.80,$0.96 / 100G
Cavendish Bananas Each,$0.72,$0.72 / 1EA
Fresh Strawberry 250g,$2.50,$10.00 / 1KG
Hass Avocado Each,$1.80,$1.80 / 1EA
Woolworths Australian Grown Carrots 1kg,$1.40,$1.40 / 1KG
Fresh Tomato Each,$0.43,$0.43 / 1EA
Fresh Pink Lady Apples Each,$1.03,$1.03 / 1EA
Iceberg Lettuce Each,$2.90,$2.90 / 1EA
Fresh Blueberries Punnet 125g,$4.00,$32.00 / 1KG
Cavendish Bananas Each,$0.72,$0.72 / 1EA
Fresh Strawberry 250g,$2.50,$10.00 / 1KG
Hass Avocado Each,$1.80,$1.80 / 1EA
Woolworths Australian Grown Carrots 1kg,$1.40,$1.40 / 1KG
Fresh Tomato Each,$0.43,$0.43 / 1EA
Fresh Pink Lady Apples Each,$1.03,$1.03 / 1EA
Iceberg Lettuce Each,$2.90,$2.90 / 1EA
Fresh Blueberries Punnet 125g,$4.00,$32.00 / 1KG
Smash Blue Stainless Steel Snack Pots 200ml Assorted 2 Pack,$16.00,
Olina's Swedish Round Crispbread Everything Seed 150g,$4.00,$2.67 / 100G
Cracker Barrel Block Extra Sharp 500g,$13.80,$27.60 / 1KG
Decor Insulated Double Wall Tumbler 450ml Assorted Each,$22.00,
Go Natural Bars Nut Delight 40g,$1.80,$4.50 / 100G
Custard Filled Profiterole 8 Pack,$6.75,$0.84 / 1EA
Nibblish Gently Baked Cranberry 140g,$4.50,$32.14 / 1KG
Just Juice Paradise Punch 6x200ml,$5.10,$4.25 / 1L
Pic's Peanut Butter Crunchy 380g,$7.50,$1.97 / 100G
Buddee Smooth Nut Free Spread 270g,$4.90,$1.81 / 100G
Sistema Tritan Active Bottle 1l Assorted Each,$17.00,
Go Natural Savoury Bars Almond Cashews 45g,$1.80,$4.00 / 100G
Norco Elbo Style Cheese Block 500g,$12.00,$24.00 / 1KG
Pauls Bluey Full Cream Milk 200ml X 6 Pack,$4.20,$3.50 / 1L
Carman's Super Berry & Coconut Gourmet Porridge Sachets 320g,$5.00,$1.56 / 100G
Devondale Mozzarella Cheese Block 550g,$12.00,$21.82 / 1KG
Woolworths Free From Gluten Tomato & Herb Crispbread 125g,$2.75,$2.20 / 100G
Capilano 100% Pure Australian Honey Jar 500g,$8.60,$1.72 / 100G
Olina's Swedish Round Crispbread Wholemeal Sourdough 140g,$4.00,$2.86 / 100G
Balconi Mix Max Spgnckes Cocoa 10 Pack,$7.25,$0.73 / 1EA
Messy Monkeys Gluten Free Lunchbox Loops Choc Shake Flavour 6 Pack,$4.50,$4.17 / 100G
Fix And Fogg Everything Butter 275g,$5.70,$2.07 / 100G
Golden Circle Apple & Mango Juice Poppers No Added Sugar Multipack Juice 200ml X6 Pack,$6.50,$5.42 / 1L
Carman's Super Berry Muesli Blueberry & Goji Muesli 500g,$4.80,$0.96 / 100G
Cavendish Bananas Each,$0.72,$0.72 / 1EA
Fresh Strawberry 250g,$2.50,$10.00 / 1KG
Hass Avocado Each,$1.80,$1.80 / 1EA
Woolworths Australian Grown Carrots 1kg,$1.40,$1.40 / 1KG
Fresh Tomato Each,$0.43,$0.43 / 1EA
Fresh Pink Lady Apples Each,$1.03,$1.03 / 1EA
Iceberg Lettuce Each,$2.90,$2.90 / 1EA
Fresh Blueberries Punnet 125g,$4.00,$32.00 / 1KG
Carman's Natural Bircher Muesli 500g,$4.80,$0.96 / 100G
Sistema To Go Ribbon Lunch Box 1.1l Each,$10.00,
Messy Monkeys Gluten Free Whole Grain Bites Pizza Flavour 6 Pack,$4.50,$3.75 / 100G
Armada Cling Wrap 150m,$7.50,$0.05 / 1M
Ribena Blackcurrant Drink 6 Pack,$6.00,$4.00 / 1L
Macro Organic Crunchy Peanut Butter 375g,$6.00,$1.60 / 100G
Decor Junior Sip Stainless Steel Straw Bottle Assorted Each,$14.00,
Lemon And Lime Shaker Bottle with Stainless Steel Ball 600ml Assorted,$13.50,
Decor Lunch Box Ice Pack Small Assorted 2 Pack,$8.00,
Fix And Fogg Peanut Butter Super Crunchy 375g,$5.70,$1.52 / 100G
Mayver's Smunchy Protein Plus 5 Seeds Peanut Butter 375g,$6.50,$1.73 / 100G
Woolworths Fruit Bun Iced 480g,$3.50,$0.73 / 100G
Decor Go Reusable Cutlery Set Assorted 4 Pack,$8.50,$2.13 / 1EA
Pauls Bluey Banana Flavoured Milk 250ml,$2.25,$9.00 / 1L
Fix And Fogg Smooth Peanut Butter 750g,$9.90,$1.32 / 100G
Kez's Kitchen Gluten Free Choc Peanut Florentines 185g,$7.70,$4.16 / 100G
Decor Go Reusable Gel Ice Pack 2 Pack,$8.00,
Messy Monkeys Honey Joy Flavour Loops 108g,$4.50,$4.17 / 100G
Decor Pumped Tritan Bottle 750ml Assorted Each,$11.00,
Smash Large Freeze Bricks Each,$4.00,$4.00 / 1EA
Fix And Fogg Peanut Butter Smooth 375g,$5.70,$1.52 / 100G
Fix & Fogg Peanut Butter Super Crunchy 750g,$9.90,$1.32 / 100G
Fix And Fogg Choc Berry Everything Spread 275g,$5.70,$2.07 / 100G
Cheeki Insulated Water Bottle 1.9L,$69.95,
Cavendish Bananas Each,$0.72,$0.72 / 1EA
Fresh Strawberry 250g,$2.50,$10.00 / 1KG
Hass Avocado Each,$1.80,$1.80 / 1EA
Woolworths Australian Grown Carrots 1kg,$1.40,$1.40 / 1KG
Fresh Tomato Each,$0.43,$0.43 / 1EA
Fresh Pink Lady Apples Each,$1.03,$1.03 / 1EA
Iceberg Lettuce Each,$2.90,$2.90 / 1EA
Fresh Blueberries Punnet 125g,$4.00,$32.00 / 1KG
Decor Jumbo Chug Tritan Bottle Assorted 2.2l,$17.00,
Mayver's Extra Crunchy Peanut Butter 375g,$5.80,$1.55 / 100G
Decor Snap & Seal Stainless Steel Bottle Assorted 1l,$16.50,
Mayver's Dark Roasted Extra Crunchy Peanut Butter 375g,$5.80,$1.55 / 100G
Vego Vegolino 180g,$12.95,$7.19 / 100G
Woolworths Loaf Grain Farmhouse 720g,$4.50,$0.63 / 100G
Coco Coast Natural Coconut Water 500ml x 12 pack,$44.95,$7.49 / 1L
Decor Go Triple Split Bento Box Assorted Each,$14.00,
B.box Lunchbox Assorted Each,$26.40,
Coco Coast Strawberry Coconut Water 500ml x 12 pack,$44.95,$7.49 / 1L
Coco Coast Passionfruit Coconut Water 500ml x 12 pack,$44.95,$7.49 / 1L
Adidas Performance Water Bottle - Blue 600ml,$25.00,
Adidas Performance Water Bottle - Green 600ml,$25.00,
Zefal Water Bottle Insulated Arctica 75 Red 750ml,$30.00,
Adidas Performance Water Bottle - Black 900ml,$29.00,
Cheeki Insulated Water Bottle Silver 600ml,$39.95,
"Reebok Water Bottle (500ml, Clear)",$24.99,
Coco Coast Yuzu Coconut Water 500ml x 12 pack,$44.95,$7.49 / 1L
Camelbak The Eddy Kids Drink Bottle Assorted 400ml Each,$23.00,
Woolworths White Farmhouse Loaf 720g,$4.50,$0.63 / 100G
Decor Junior Tritan Bottle Assorted 500ml,$12.00,
Decor Zen Glass Silicone Bottle 600ml Assorted Each,$19.00,
Stasher 'Sandwich' Reusable Silicone Food Bag 450ml - Clear,$34.00,
Thirst Trap Spring Water Cans 500ml X 4 Pack,$7.50,$3.75 / 1L
Cavendish Bananas Each,$0.72,$0.72 / 1EA
Fresh Strawberry 250g,$2.50,$10.00 / 1KG
Hass Avocado Each,$1.80,$1.80 / 1EA
Woolworths Australian Grown Carrots 1kg,$1.40,$1.40 / 1KG
Fresh Tomato Each,$0.43,$0.43 / 1EA
Fresh Pink Lady Apples Each,$1.03,$1.03 / 1EA
Iceberg Lettuce Each,$2.90,$2.90 / 1EA
Fresh Blueberries Punnet 125g,$4.00,$32.00 / 1KG
Decor Insulated Double Wall Adventurer Bottle Assorted 1.2l,$32.00,
Stasher 'Stand Up' Reusable Silicone Food Bag 828ml - Clear,$43.00,
Decor Design Your Own Bento Box Compartment Lunch Box Each,$26.00,
Brita Active Filtered Water Bottle Blue 600ml,$17.50,
Cheeki Thirsty Max Water Bottle Champagne 1.6L,$39.95,
Ever Eco Reusable Silicone Food Pouch 1L 1 Pack,$24.95,$2.50 / 100ML
Packit Freezable Hampton Lunch Bag - Mint,$45.00,
Stasher 'Stand Up' Reusable Silicone Food Bag 3.07L - Clear,$61.00,
Un Chi Crispy Fish Skin Chips Tomato Flavour 100g X 4Pack,$28.99,$7.25 / 100G
B.box Insulated Drink Bottle Assorted 500ml,$28.80,
Dandies Vegan Vanilla Marshmallows Mini Size 283g,$14.95,$5.28 / 100G
Progressive Fruit and Vegetable Chopper,$77.00,
Bentgo Kids Leak Proof Lunch Box Blue,$43.95,
Decor Hydro Double Wall Soft Touch Stainless Steel Assorted 750ml,$21.00,
Coco Coast Lychee Coconut Water 500ml x 12 pack,$44.95,$7.49 / 1L
Stasher 'Stand Up' Reusable Silicone Food Bag 1.66L - Clear,$44.00,
Stasher 'Stand Up' Reusable Silicone Food Bag 828ml - Aqua,$39.00,
Un Chi Crispy Fish Skin Chips Laver Flavour 100g X 4Pack,$27.69,$6.92 / 100G
Smash Insulated Tote Bag - Designs may vary,$29.00,
Dandies Vegan Vanilla Marshmallows Regular Size 283g,$14.95,$5.28 / 100G
Stasher 'Half Gallon' Reusable Silicone Food Bag 1.92L - Aqua,$42.00,
Stasher 'Sandwich' Reusable Silicone Food Bag 450ml - Aqua,$33.00,
Stasher 'Sandwich' Reusable Silicone Food Bag 450ml - Raspberry,$33.00,
Decor Go 2 In 1 Expandable Insulated Cooler Assorted Each,$16.50,
Cavendish Bananas Each,$0.72,$0.72 / 1EA
Fresh Strawberry 250g,$2.50,$10.00 / 1KG
Hass Avocado Each,$1.80,$1.80 / 1EA
Woolworths Australian Grown Carrots 1kg,$1.40,$1.40 / 1KG
Fresh Tomato Each,$0.43,$0.43 / 1EA
Fresh Pink Lady Apples Each,$1.03,$1.03 / 1EA
Iceberg Lettuce Each,$2.90,$2.90 / 1EA
Fresh Blueberries Punnet 125g,$4.00,$32.00 / 1KG
"Progressive Grate, Slice & Store 7pc Set",$48.00,
Boulder Canyon Malt Vinegar & Sea Salt 142g 2pack,$15.00,$5.28 / 100G
Camelbak The Eddy Bottle Assorted 600ml Each,$25.00,
Cheeki Insulated Adventure Water Bottle Aqua 1L,$49.95,
Cheeki Insulated Adventure Water Bottle Slate 1L,$49.95,
Stasher 'Snack' Reusable Silicone Food Bag 293ml - Aqua,$32.00,
Cheetos Flaming Hot Crunchy 226.8g 10PK,$96.00,$9.60 / 1EA
Hot Topic Stainless Steel Paw Patrol Bottle 577ml,$15.00,$15.00 / 1EA
Stasher 'Half Gallon' Reusable Silicone Food Bag 1.92L - Clear,$43.00,
Camelbak Eddy Stainless Steel Bottle Assorted Each,$45.00,
Decor Pumped Soft Touch Sports Bottle 750ml Assorted Each,$14.50,
Food to Nourish Berrylicious Sprouted Snack Box 45g 12pack,$54.00,$10.00 / 100G
Stasher 'Snack' Reusable Silicone Food Bag 293ml - Clear,$33.00,
Cheeki Insulated Water Bottle Champagne 1L,$46.95,
Decor Flip Active Insulated Double Wall Flask 1.1l Assorted Each,$32.00,
Decor Insulated Double Wall Serenity Bottle 460ml Assorted Each,$25.00,$25.00 / 1EA
Decor Insulated Double Wall Snap N Seal Bottle Assorted 400ml,$18.00,
Soma Water Bottle Glass 500ml - White,$46.00,
Stasher 'Stand Up' Reusable Silicone Food Bag 1.66L - Aqua,$44.00,
Cheeki 'Thirsty Max' Water Bottle Teal 1.6L,$39.95,
Cheeki Insulated Adventure Water Bottle Aqua 1L,$49.95,
Cheeki Insulated Water Bottle Dinosaur 400ml,$39.95,
Stasher 'Pocket' Set of 2 Silicone Food Bags 22ml - Clear and Aqua,$36.00,
Cavendish Bananas Each,$0.72,$0.72 / 1EA
Fresh Strawberry 250g,$2.50,$10.00 / 1KG
Hass Avocado Each,$1.80,$1.80 / 1EA
Woolworths Australian Grown Carrots 1kg,$1.40,$1.40 / 1KG
Fresh Tomato Each,$0.43,$0.43 / 1EA
Fresh Pink Lady Apples Each,$1.03,$1.03 / 1EA
Iceberg Lettuce Each,$2.90,$2.90 / 1EA
Fresh Blueberries Punnet 125g,$4.00,$32.00 / 1KG
Cool Gear Pop Lights Bottle Assorted 473ml,$20.00,
Stasher 'Stand Up' Reusable Silicone Food Bag 3.07L - Aqua,$50.00,
BSc Body Science Collagen Protein Bar 60g Choc Coconut Box,$48.60,
Cheeki Insulated Jungle Tumbler 500ml,$44.95,
Cheeki Stainless Steel Water Bottle Black 1L,$34.95,
Healthy Choice Vacuum Bag Roll 20cm 2PK,$24.30,$12.15 / 1EA
Hot Topic Stainless Steel Bottle Bluey 577ml,$15.00,$15.00 / 1EA
Lemon And Lime Glass Water Bottle 1L 32.5cm X 8cm,$14.40,
Zefal Junior Water Bottle Little Z Girl Pink 350ml,$18.00,
Camelbak Eddy Insulated Tritan 600ml Assorted Each,$35.00,
Charlie's Fine Foods Charlie's Bundle Melting Moments Biscuits 180g X 2 Packs,$20.00,$5.56 / 100G
Cheeki Essential Lunch Box 1L,$27.95,
Cheeki Insulated Coffee Mug Chocolate 450ml,$44.95,
Cheeki Insulated Kids Water Bottle Sharks 400ml,$39.95,
Cheeki Insulated Kids Water Bottle Unicorn 400ml,$39.95,
Cheeki Insulated Water Bottle Watercolour 600ml,$44.95,
Packit 'Mod' Lunch Bento Box - Steel Gray,$39.00,
Packit Freezable Lunch Bag - Grid,$44.00,
Philips Go Zero Daily Straw Filtration Bottle - Grey 680ml,$36.90,
Stasher 'Snack' Reusable Silicone Food Bag 293ml - Hibiscus,$32.00,
Un Chi Crispy Fish Skin Chips Original Flavour 100g X 4Pack,$28.99,$7.25 / 100G
Zefal Water Bottle Insulated Arctica 75 Blue 750ml,$35.00,
Zefal Water Bottle Sense M65- Translucent 650ml,$19.00,
400ml Insulated Little Adventurer Bottle - Fairy,$39.95,
Cavendish Bananas Each,$0.72,$0.72 / 1EA
Fresh Strawberry 250g,$2.50,$10.00 / 1KG
Hass Avocado Each,$1.80,$1.80 / 1EA
Woolworths Australian Grown Carrots 1kg,$1.40,$1.40 / 1KG
Fresh Tomato Each,$0.43,$0.43 / 1EA
Fresh Pink Lady Apples Each,$1.03,$1.03 / 1EA
Iceberg Lettuce Each,$2.90,$2.90 / 1EA
Fresh Blueberries Punnet 125g,$4.00,$32.00 / 1KG
BSc Body Science High Protein Low Carb Plant Bar Salted Caramel Box 12 X 45g,$45.00,
Bare Blends Collagen Bar Box Box of 9,$42.99,$85.98 / 100G
Camelbak Podium Chill Bottle 600ml Each,$25.00,
Cheeki 'Thirsty Max' Stainless Steel Water Bottle 1.6 Litres Silver,$39.95,$39.95 / 1EA
Cheeki Classic Insulated Bottle Pink 600ml,$39.95,
Cheeki Insulated Coffee Mug Avocado 450ml,$46.95,
Cheeki Insulated Coffee Mug Pink 350ml,$42.95,
Cheeki Insulated Kids Water Bottle Ladybug 400ml,$39.95,
Cheeki Insulated Water Bottle Black 1L,$46.95,
Cheeki Insulated Water Bottle Silver 1L,$46.95,
Cheeki Stainless Steel Water Bottle Pistachio 1L,$34.95,
Enviro Products Drink Bottle Eastar Bpa Free Turquoise Frosted 2.2L,$19.95,
Ever Eco Reusable Produce Bags Recycled Polyester Mesh 1 Pack,$19.95,$19.95 / 1EA
Healthy Choice Vacuum Bag Roll 28cm 2PK,$24.30,$12.15 / 1EA
Kambukka 'Etna' Insulated Travel Mug with 3in1 Snapclean Lid 500ml Jungle Sunrise with Bonus Screw Top Lid,$54.00,
Lemon And Lime Glass Water Bottle 1L 28cm X 9cm,$13.50,
Packit 'Mod' Snack Bento Box - Mint,$34.00,
Packit 'Mod; Snack Bento Box - Steel Gray,$34.00,
Packit Freezable Hampton Lunch Bag - Grid,$45.00,
Packit Freezable Lunch Bag - Arctic Camo,$44.00,
Packit Freezable Lunch Bag - Black,$42.00,
Packit Freezable Lunch Bag - Mulberry,$44.00,
Philips Go Zero Daily Straw Filtration Bottle - Pink 680ml,$39.60,
Philips GoZero Daily straw,$32.99,
Cavendish Bananas Each,$0.72,$0.72 / 1EA
Fresh Strawberry 250g,$2.50,$10.00 / 1KG
Hass Avocado Each,$1.80,$1.80 / 1EA
Woolworths Australian Grown Carrots 1kg,$1.40,$1.40 / 1KG
Fresh Tomato Each,$0.43,$0.43 / 1EA
Fresh Pink Lady Apples Each,$1.03,$1.03 / 1EA
Iceberg Lettuce Each,$2.90,$2.90 / 1EA
Fresh Blueberries Punnet 125g,$4.00,$32.00 / 1KG
Cavendish Bananas Each,$0.72,$0.72 / 1EA
Fresh Strawberry 250g,$2.50,$10.00 / 1KG
Hass Avocado Each,$1.80,$1.80 / 1EA
Woolworths Australian Grown Carrots 1kg,$1.40,$1.40 / 1KG
Fresh Tomato Each,$0.43,$0.43 / 1EA
Fresh Pink Lady Apples Each,$1.03,$1.03 / 1EA
Iceberg Lettuce Each,$2.90,$2.90 / 1EA
Fresh Blueberries Punnet 125g,$4.00,$32.00 / 1KG
