Product Name,Price,Price per Unit
Dairy Farmers Heart Active Light Milk 1l,$3.90,$3.90 / 1L
Mainland Creamy Cheese Infused With Aged Cheddar & Crackers 40g,$2.50,$62.50 / 1KG
Wonder Dairy Free Vitamins & Omega - 3 Spread 400g,$5.50,$1.38 / 100G
Wonder Dairy Blend Vitamins & Omega - 3 Spread 400g,$5.50,$1.38 / 100G
Woolworths Baby Leaf Spinach 120g,$3.00,$25.00 / 1KG
Woolworths Vanilla Yoghurt 98% Fat Free 1kg,$4.00,$0.40 / 100G
Macro Firm Tofu 450g,$3.00,$6.67 / 1KG
Woolworths Baby Leaf Rocket 120g,$3.30,$27.50 / 1KG
Woolworths Strawberry Yoghurt Pouch 70g,$0.75,$1.07 / 100G
Woolworths Vanilla Yoghurt Pouch 70g,$0.75,$1.07 / 100G
Mainland Creamy Cheese & Crackers Aged Cheddar & Caramelised Onion 40g,$2.50,$62.50 / 1KG
Fresh Fodder Hommous Dip 200g,$5.40,$2.70 / 100G
Fresh Fodder Taramosalata 200g,$5.40,$2.70 / 100G
Fresh Fodder Tzatziki 200g,$5.40,$2.70 / 100G
Yoplait Vanilla Yoghurt 1kg,$4.40,$0.44 / 100G
Woolworths Baby Rocket 60g,$2.00,$33.33 / 1KG
Yakult Probiotic Drink 10x65ml,$7.70,$11.85 / 1L
Woolworths Banana Yoghurt Pouch 70g,$0.75,$1.07 / 100G
Woolworths Natural Greek Style Yoghurt 1kg,$4.40,$0.44 / 100G
Vaalia Kids Probiotic Yoghurt Pouch Vanilla 140g,$2.40,$1.71 / 100G
Vaalia Kids Probiotic Yoghurt Pouch Strawberry 140g,$2.40,$1.71 / 100G
Tamar Valley Dairy Kids Greek Yoghurt Pouch Strawberry 110g,$2.40,$2.18 / 100G
Tamar Valley Dairy Kids Greek Yoghurt Pouch Vanilla 110g,$2.40,$2.18 / 100G
Tamar Valley Dairy Kids Greek Yoghurt Pouch Blueberry 110g,$2.40,$2.18 / 100G
Yoplait Petit Miam Kids Yoghurt Pouch Strawberry 70g,$1.00,$1.43 / 100G
Tamar Valley Dairy Kids Greek Yoghurt Pouch Tropical 110g,$2.40,$2.18 / 100G
Macro Satay Tofu 200g,$4.50,$22.50 / 1KG
Tamar Valley Dairy Kids Greek Yoghurt Pouch Raspberry 110g,$2.40,$2.18 / 100G
Woolworths 98% Fat Free Yoghurt Strawberry 1kg,$4.00,$0.40 / 100G
Yopro Danone High Protein Yoghurt No Added Sugar Vanilla 160g,$2.20,$1.38 / 100G
Dairy Farmers Heart Active Light Milk 1l,$3.90,$3.90 / 1L
Mainland Creamy Cheese Infused With Aged Cheddar & Crackers 40g,$2.50,$62.50 / 1KG
Wonder Dairy Free Vitamins & Omega - 3 Spread 400g,$5.50,$1.38 / 100G
Wonder Dairy Blend Vitamins & Omega - 3 Spread 400g,$5.50,$1.38 / 100G
Woolworths Baby Leaf Spinach 120g,$3.00,$25.00 / 1KG
Woolworths Vanilla Yoghurt 98% Fat Free 1kg,$4.00,$0.40 / 100G
Macro Firm Tofu 450g,$3.00,$6.67 / 1KG
Woolworths Baby Leaf Rocket 120g,$3.30,$27.50 / 1KG
Woolworths Strawberry Yoghurt Pouch 70g,$0.75,$1.07 / 100G
Woolworths Vanilla Yoghurt Pouch 70g,$0.75,$1.07 / 100G
Mainland Creamy Cheese & Crackers Aged Cheddar & Caramelised Onion 40g,$2.50,$62.50 / 1KG
Fresh Fodder Hommous Dip 200g,$5.40,$2.70 / 100G
Fresh Fodder Taramosalata 200g,$5.40,$2.70 / 100G
Fresh Fodder Tzatziki 200g,$5.40,$2.70 / 100G
Yoplait Vanilla Yoghurt 1kg,$4.40,$0.44 / 100G
Woolworths Baby Rocket 60g,$2.00,$33.33 / 1KG
Yakult Probiotic Drink 10x65ml,$7.70,$11.85 / 1L
Woolworths Banana Yoghurt Pouch 70g,$0.75,$1.07 / 100G
Woolworths Natural Greek Style Yoghurt 1kg,$4.40,$0.44 / 100G
Vaalia Kids Probiotic Yoghurt Pouch Vanilla 140g,$2.40,$1.71 / 100G
Vaalia Kids Probiotic Yoghurt Pouch Strawberry 140g,$2.40,$1.71 / 100G
Tamar Valley Dairy Kids Greek Yoghurt Pouch Strawberry 110g,$2.40,$2.18 / 100G
Tamar Valley Dairy Kids Greek Yoghurt Pouch Vanilla 110g,$2.40,$2.18 / 100G
Tamar Valley Dairy Kids Greek Yoghurt Pouch Blueberry 110g,$2.40,$2.18 / 100G
Yoplait Petit Miam Kids Yoghurt Pouch Strawberry 70g,$1.00,$1.43 / 100G
Tamar Valley Dairy Kids Greek Yoghurt Pouch Tropical 110g,$2.40,$2.18 / 100G
Macro Satay Tofu 200g,$4.50,$22.50 / 1KG
Tamar Valley Dairy Kids Greek Yoghurt Pouch Raspberry 110g,$2.40,$2.18 / 100G
Woolworths 98% Fat Free Yoghurt Strawberry 1kg,$4.00,$0.40 / 100G
Yopro Danone High Protein Yoghurt No Added Sugar Vanilla 160g,$2.20,$1.38 / 100G
Woolworths Full Cream Milk 3l,$4.50,$1.50 / 1L
Woolworths Uht Full Cream Milk 1l,$1.60,$1.60 / 1L
Woolworths Full Cream Milk 2l,$3.10,$1.55 / 1L
Woolworths Baby Leaf Spinach 120g,$3.00,$25.00 / 1KG
Woolworths Thickened Cream 600ml,$4.50,$0.75 / 100ML
Woolworths Sour Cream 300ml,$3.25,$1.08 / 100ML
Hillview Tasty Shredded Cheese 700g,$10.00,$14.29 / 1KG
Woolworths Thickened Cream 300ml,$2.80,$0.93 / 100ML
Woolworths Baby Leaf Beetroot Salad With Beetroot Bag 180g,$4.00,$22.22 / 1KG
Woolworths Baby Spinach & Rocket & Rocket 120g,$3.00,$25.00 / 1KG
Macro Classic Tofu Regular 300g,$2.30,$7.67 / 1KG
Woolworths Uht Full Cream Milk 1l,$1.60,$1.60 / 1L
Woolworths Yoghurt Pouch Blueberry 70g,$0.75,$1.07 / 100G
Vaalia Probiotic Yoghurt French Vanilla 900g,$7.00,$0.78 / 100G
Yoplait Classics Yoghurt 12x100g,$8.00,$0.67 / 100G
Vaalia Kids Probiotic Yoghurt Pouch Tropical 140g,$2.40,$1.71 / 100G
Farmers Union Greek Style Yoghurt Pouch Strawberry 130g,$1.80,$1.38 / 100G
Macro Silken Tofu 300g,$2.30,$7.67 / 1KG
Woolworths Leafy Mix Salad 120g,$2.20,$18.33 / 1KG
Vaalia Kids Probiotic Yoghurt Pouch Banana 140g,$2.40,$1.71 / 100G
Yoplait Strawberry Yoghurt 1kg,$4.40,$0.44 / 100G
Yopro Danone High Protein Yoghurt No Added Sugar Strawberry 160g,$2.20,$1.38 / 100G
Yopro Danone High Protein Yoghurt No Added Sugar Vanilla 700g,$7.50,$1.07 / 100G
Yoplait Vanilla Yoghurts 6 Pack,$6.50,$0.68 / 100G
Western Star Original Spreadable 500g,$7.50,$1.50 / 100G
Farmers Union Greek Style Yogurt Pouch Real Vanilla Bean 130g,$1.80,$1.38 / 100G
Perfect Italiano Original Ricotta 250g,$5.00,$20.00 / 1KG
Yoplait Petit Miam Kids Yoghurt Pouch Vanilla 70g,$1.00,$1.43 / 100G
Yoplait Petit Miam Kids Yoghurt Pouch Blueberry 70g,$1.00,$1.43 / 100G
Pauls Zymil Light Lactose Free Milk 1l,$3.90,$3.90 / 1L
Pauls Zymil Low Fat Milk 2l,$6.60,$3.30 / 1L
Woolworths Full Cream Milk 3l,$4.50,$1.50 / 1L
Woolworths Uht Full Cream Milk 1l,$1.60,$1.60 / 1L
Woolworths Full Cream Milk 2l,$3.10,$1.55 / 1L
Woolworths Baby Leaf Spinach 120g,$3.00,$25.00 / 1KG
Woolworths Thickened Cream 600ml,$4.50,$0.75 / 100ML
Woolworths Sour Cream 300ml,$3.25,$1.08 / 100ML
Hillview Tasty Shredded Cheese 700g,$10.00,$14.29 / 1KG
Woolworths Thickened Cream 300ml,$2.80,$0.93 / 100ML
Yopro Danone High Protein Yoghurt No Added Sugar Salted Caramel 160g,$2.20,$1.38 / 100G
Macro Honey Soy Tofu 200g,$4.50,$22.50 / 1KG
Dairy Farmers Thick & Creamy Strawberry Yoghurt 150g,$1.95,$1.30 / 100G
Yoplait Forme Zero French Vanilla Yoghurt 1kg,$4.40,$0.44 / 100G
Tamar Valley Dairy Greek Style Yoghurt Vanilla Bean 1kg,$8.00,$0.80 / 100G
Dairy Farmers Thick & Creamy Strawberry Yoghurt 600g,$4.40,$0.73 / 100G
Dairy Farmers Thick & Creamy Vanilla Yoghurt 4 Pack,$5.00,$1.14 / 100G
Yakult Probiotic Drink Light 5x65ml,$4.00,$12.31 / 1L
Chobani Raspberry Greek Yogurt Pouch 140g,$2.50,$1.79 / 100G
Dairy Farmers Thick & Creamy Apricot & Vanilla 150g,$1.95,$1.30 / 100G
Yopro High Protein Yoghurt Pouch No Added Sugar Strawberry 150g,$2.20,$1.47 / 100G
Dairy Farmers Thick & Creamy Strawberry Yoghurt 4 Pack,$5.00,$1.14 / 100G
Farmers Union Greek Style Natural Yoghurt 1kg,$6.50,$0.65 / 100G
Yoplait Mango Yoghurt 1kg,$4.40,$0.44 / 100G
Yopro High Protein Yoghurt Pouch No Added Sugar Vanilla 150g,$2.20,$1.47 / 100G
Pauls Zymil Lactose Free Full Cream Long Life Milk 1l,$3.00,$3.00 / 1L
Farmers Union Greek Style Yoghurt Pouch Hint Of Real Mango 130g,$1.80,$1.38 / 100G
Cocobella Dairy Free Coconut Yoghurt Vanilla 500g,$6.00,$1.20 / 100G
Chobani Blueberry Greek Yogurt Pouch 140g,$2.50,$1.79 / 100G
Vaalia Kids Probiotic Yoghurt Pouch Blueberry 140g,$2.40,$1.71 / 100G
Tamar Valley Dairy Yoghurt Strawberry & Cream 170g,$2.90,$1.71 / 100G
Yogo Choc Rock Custard Dessert 12x100g,$8.00,$0.67 / 100G
Woolworths Classic Coleslaw 200g,$2.00,$10.00 / 1KG
Woolworths Full Cream Milk 3l,$4.50,$1.50 / 1L
Woolworths Uht Full Cream Milk 1l,$1.60,$1.60 / 1L
Woolworths Full Cream Milk 2l,$3.10,$1.55 / 1L
Woolworths Baby Leaf Spinach 120g,$3.00,$25.00 / 1KG
Woolworths Thickened Cream 600ml,$4.50,$0.75 / 100ML
Woolworths Sour Cream 300ml,$3.25,$1.08 / 100ML
Hillview Tasty Shredded Cheese 700g,$10.00,$14.29 / 1KG
Woolworths Thickened Cream 300ml,$2.80,$0.93 / 100ML
Yopro Danone High Protein Yoghurt No Added Sugar Mango 160g,$2.20,$1.38 / 100G
Woolworths Asian Style Salad Kit 350g,$5.50,$15.71 / 1KG
Gippsland Dairy Watermelon & Strawberry Twist Yoghurt 160g,$2.40,$1.50 / 100G
Woolworths Full Cream Milk 3l,$4.50,$1.50 / 1L
Vaalia Kids Probiotic Yoghurt Pouch Lactose Free Strawberry 140g,$2.40,$1.71 / 100G
Chobani Strawberry Greek Yogurt Pouch 140g,$2.50,$1.79 / 100G
Yopro Danone High Protein Yoghurt No Added Sugar Banana 160g,$2.20,$1.38 / 100G
Yoplait Petit Miam Kids Yoghurt Pouch Strawberry & Banana 70g,$1.00,$1.43 / 100G
Dairy Farmers Thick & Creamy Classic Vanilla Yoghurt 600g,$4.40,$0.73 / 100G
Yoplait Petit Miam Kids Yoghurt Pouch Banana 70g,$1.00,$1.43 / 100G
Woolworths Uht Skim Milk 1l,$1.60,$1.60 / 1L
Tamar Valley Dairy Yoghurt Mango & Cream 170g,$2.90,$1.71 / 100G
Woolworths Odd Bunch Chopped Spinach 400g,$5.80,$14.50 / 1KG
Dairy Farmers Thick & Creamy Classic Vanilla Yoghurt 150g,$1.95,$1.30 / 100G
Vaalia Kids Probiotic Yoghurt Pouch Lactose Free Vanilla 140g,$2.40,$1.71 / 100G
Dairy Farmers Thick & Creamy Mango & Passionfruit Yoghurt 150g,$1.95,$1.30 / 100G
Yopro Danone High Protein Yoghurt No Added Sugar Passionfruit 160g,$2.20,$1.38 / 100G
Pauls Zymil Lactose Free Low Fat Long Life Milk 1l,$3.00,$3.00 / 1L
Pauls Bluey Yoghurt Pouch Vanilla 70g,$1.20,$1.71 / 100G
Yoplait Berry Punnet Mixed Yoghurts 6 Pack,$6.50,$0.68 / 100G
Yoplait Classics Mixed Yoghurts 6 Pack,$6.50,$0.68 / 100G
Pauls Zymil Lactose Free Full Cream Milk 1l,$3.90,$3.90 / 1L
Vaalia Probiotic Yoghurt French Vanilla 150gx 4 Pack,$5.30,$0.88 / 100G
Farmers Union Greek Style Yogurt Vanilla 950g,$6.50,$0.68 / 100G
Woolworths Full Cream Milk 3l,$4.50,$1.50 / 1L
Woolworths Uht Full Cream Milk 1l,$1.60,$1.60 / 1L
Woolworths Full Cream Milk 2l,$3.10,$1.55 / 1L
Woolworths Baby Leaf Spinach 120g,$3.00,$25.00 / 1KG
Woolworths Thickened Cream 600ml,$4.50,$0.75 / 100ML
Woolworths Sour Cream 300ml,$3.25,$1.08 / 100ML
Hillview Tasty Shredded Cheese 700g,$10.00,$14.29 / 1KG
Woolworths Thickened Cream 300ml,$2.80,$0.93 / 100ML
Tamar Valley Dairy Greek Style Yoghurt 1kg,$8.00,$0.80 / 100G
Woolworths Caesar Salad Kit Kit 290g,$5.50,$18.97 / 1KG
Pauls Zymil Lactose Free Full Cream Milk 2l,$6.60,$3.30 / 1L
Yoplait Forme Zero Berry Harvest Yoghurts 6 Pack,$6.50,$0.68 / 100G
Yopro High Protein Yoghurt Pouch No Added Sugar Banana 150g,$2.20,$1.47 / 100G
Willow Farm Dip Tzatziki 200g,$2.50,$1.25 / 100G
Western Star Original Spreadable 375g,$6.00,$1.60 / 100G
Woolworths Leafy Mix Salad 200g,$3.00,$15.00 / 1KG
Woolworths Thickened Cream 600ml,$4.50,$0.75 / 100ML
Pauls Kids Yoghurt Pouch Strawberry Princess 70g,$1.20,$1.71 / 100G
Tamar Valley Dairy Greek Style Yoghurt 500g,$4.50,$0.90 / 100G
Dairy Farmers Thick & Creamy Lemon Cream Yoghurt 150g,$1.95,$1.30 / 100G
Perfect Italiano Original Smooth Ricotta 500g,$6.30,$12.60 / 1KG
Evergreen Wonton Wrappers 300g,$3.30,$1.10 / 100G
Woolworths Crunchy Noodle Coleslaw Kit Coleslaw Kit 520g,$4.50,$8.65 / 1KG
Woolworths Sour Cream 300ml,$3.25,$1.08 / 100ML
Wicked Sister High Protein Chocolate Pudding 170g,$3.00,$1.76 / 100G
Yopro High Protein Yoghurt Pouch No Added Sugar Mango 150g,$2.20,$1.47 / 100G
Woolworths Fresh Creamy Pumpkin Soup 300g,$3.00,$1.00 / 100G
Western Star Supersoft Spreadable 500g,$7.50,$1.50 / 100G
Yumi's Traditional Middle Eastern Hommus Dip 200g,$3.50,$1.75 / 100G
Ultimate Danone Double Cream Yoghurt Strawberry 115g X 4 Pack,$4.00,$0.87 / 100G
Tamar Valley The Creamery Greek Style Yoghurt Blueberries & Cream 170g,$2.90,$1.71 / 100G
Pauls Zymil Skim Milk 1l,$3.90,$3.90 / 1L
Woolworths Full Cream Milk 3l,$4.50,$1.50 / 1L
Woolworths Uht Full Cream Milk 1l,$1.60,$1.60 / 1L
Woolworths Full Cream Milk 2l,$3.10,$1.55 / 1L
Woolworths Baby Leaf Spinach 120g,$3.00,$25.00 / 1KG
Woolworths Thickened Cream 600ml,$4.50,$0.75 / 100ML
Woolworths Sour Cream 300ml,$3.25,$1.08 / 100ML
Hillview Tasty Shredded Cheese 700g,$10.00,$14.29 / 1KG
Woolworths Thickened Cream 300ml,$2.80,$0.93 / 100ML
Woolworths Full Cream Milk 3l,$4.50,$1.50 / 1L
Woolworths Uht Full Cream Milk 1l,$1.60,$1.60 / 1L
Woolworths Full Cream Milk 2l,$3.10,$1.55 / 1L
Woolworths Baby Leaf Spinach 120g,$3.00,$25.00 / 1KG
Woolworths Thickened Cream 600ml,$4.50,$0.75 / 100ML
Woolworths Sour Cream 300ml,$3.25,$1.08 / 100ML
Hillview Tasty Shredded Cheese 700g,$10.00,$14.29 / 1KG
Woolworths Thickened Cream 300ml,$2.80,$0.93 / 100ML
Woolworths Full Cream Milk 3l,$4.50,$1.50 / 1L
Woolworths Uht Full Cream Milk 1l,$1.60,$1.60 / 1L
Woolworths Full Cream Milk 2l,$3.10,$1.55 / 1L
Woolworths Baby Leaf Spinach 120g,$3.00,$25.00 / 1KG
Woolworths Thickened Cream 600ml,$4.50,$0.75 / 100ML
Woolworths Sour Cream 300ml,$3.25,$1.08 / 100ML
Hillview Tasty Shredded Cheese 700g,$10.00,$14.29 / 1KG
Woolworths Thickened Cream 300ml,$2.80,$0.93 / 100ML
Brownes Wiggles Strawberry Pouch Lactose Free 90g,$1.00,$1.11 / 100G
Vaalia Probiotic Yoghurt Luscious Berries 900g,$7.00,$0.78 / 100G
Pauls Strawberry Vanilla & Banana Kids Yoghurt Bluey 95gx 12 Pack,$8.00,$0.70 / 100G
Activia Danone Probiotic Yoghurt No Added Sugar Strawberry 125g X 4 Pack,$4.00,$0.80 / 100G
Yoplait Forme Zero Classics Yoghurt 6 Pack,$6.50,$0.68 / 100G
Woolworths Fine Cut Coleslaw Coleslaw 300g,$3.00,$10.00 / 1KG
Pauls Zymil Thickened Cream Lactose Free 300ml,$4.00,$1.33 / 100ML
Yopro High Protein Yoghurt Pouch No Added Sugar Salted Caramel 150g,$2.20,$1.47 / 100G
Gippsland Dairy Strawberry Waffle Yoghurt 140g,$3.85,$2.75 / 100G
Woolworths Full Cream Milk 2l,$3.10,$1.55 / 1L
Woolworths Potato & Leek Soup 300g,$3.00,$1.00 / 100G
Rafferty's Garden Baby Food No Added Sugar Strawberry Yoghurt 6+ Months 70g,$1.30,$1.86 / 100G
Woolworths Greek Salad Kit 270g,$6.00,$22.22 / 1KG
Wicked Sister High Protein Banana Pudding 170g,$3.00,$1.76 / 100G
Vaalia Kids Yoghurt Pouch Limited Edition Watermelon Flavour 140g,$2.40,$1.71 / 100G
Gippsland Dairy Mango & Blood Orange Twist Yoghurt 160g,$2.40,$1.50 / 100G
Chris' Dips Tzatziki 200g,$4.50,$2.25 / 100G
Woolworths Tasty Shredded Cheese 500g,$7.70,$15.40 / 1KG
Gippsland Dairy Passionfruit Twist Yoghurt 160g,$2.40,$1.50 / 100G
Woolworths Chicken & Vegetable Soup Low Fat 300g,$3.00,$1.00 / 100G
Pauls Custard Pouch Bluey Chocolate 70g,$1.90,$2.71 / 100G
Gippsland Dairy Cookies & Cream Yoghurt 140g,$3.85,$2.75 / 100G
Nestle Milo Energy Dairy Snack 150g,$2.50,$1.67 / 100G
Yumi's Zucchini & Lentil Bites 225g,$6.00,$26.67 / 1KG
Woolworths Full Cream Milk 3l,$4.50,$1.50 / 1L
Woolworths Uht Full Cream Milk 1l,$1.60,$1.60 / 1L
Woolworths Full Cream Milk 2l,$3.10,$1.55 / 1L
Woolworths Baby Leaf Spinach 120g,$3.00,$25.00 / 1KG
Woolworths Thickened Cream 600ml,$4.50,$0.75 / 100ML
Woolworths Sour Cream 300ml,$3.25,$1.08 / 100ML
Hillview Tasty Shredded Cheese 700g,$10.00,$14.29 / 1KG
Woolworths Thickened Cream 300ml,$2.80,$0.93 / 100ML
Chobani Fit Passion Fruit High Protein Greek Yogurt 170g,$2.70,$1.59 / 100G
Woolworths Free From Lactose Full Cream Milk 1l,$2.00,$2.00 / 1L
Vaalia Kids Probiotic Yoghurt Pouch Lactose Free Blueberry 140g,$2.40,$1.71 / 100G
Gippsland Dairy Choc Fudge Honeycomb Yoghurt 140g,$3.85,$2.75 / 100G
Woolworths Fresh Chicken Noodle Soup 300g,$3.00,$1.00 / 100G
Chobani Fit Strawberry High Protein Greek Yogurt Pouch 140g,$2.70,$1.93 / 100G
Woolworths Rainbow Coleslaw 300g,$3.00,$10.00 / 1KG
Siggi's Yoghurt Pouch Raspberry 150g,$2.50,$1.67 / 100G
Woolworths Thickened Cream 300ml,$2.80,$0.93 / 100ML
Farmers Union Greek Style Yogurt Pouch Natural 130g,$1.80,$1.38 / 100G
Yumi's Traditional Middle Eastern Hommus Dip 1kg,$8.00,$0.80 / 100G
Woolworths Green Goodness Salad Bowl 240g,$6.50,$27.08 / 1KG
Yogo Choc Flavoured Custard Pouch 120g,$2.20,$1.83 / 100G
Woolworths Creamy Potato Salad 250g,$3.80,$1.52 / 100G
Jalna Premium Vanilla Yoghurt 1kg,$6.50,$0.65 / 100G
Chobani Greek Yogurt Natural Light Plain 907g,$7.90,$0.87 / 100G
Siggi's Yoghurt Strawberry 150g,$2.50,$1.67 / 100G
Vaalia Probiotic Yoghurt Passionfruit 150gx 4 Pack,$5.30,$0.88 / 100G
Siggi's Yoghurt Pouch Vanilla 150g,$2.50,$1.67 / 100G
Ultimate Danone Double Cream Yoghurt Black Cherry 115g X 4 Pack,$4.00,$0.87 / 100G
Yopro Danone High Protein Yoghurt Strawberry Watermelon 160g,$2.20,$1.38 / 100G
Yoplait Petit Miam Fruit Salad 70g,$1.00,$1.43 / 100G
Woolworths Full Cream Milk 3l,$4.50,$1.50 / 1L
Woolworths Uht Full Cream Milk 1l,$1.60,$1.60 / 1L
Woolworths Full Cream Milk 2l,$3.10,$1.55 / 1L
Woolworths Baby Leaf Spinach 120g,$3.00,$25.00 / 1KG
Woolworths Thickened Cream 600ml,$4.50,$0.75 / 100ML
Woolworths Sour Cream 300ml,$3.25,$1.08 / 100ML
Hillview Tasty Shredded Cheese 700g,$10.00,$14.29 / 1KG
Woolworths Thickened Cream 300ml,$2.80,$0.93 / 100ML
Woolworths Chicken Caesar Salad Bowl 180g,$6.50,$43.33 / 1KG
Western Star Original Butter Block 250g,$5.20,$2.08 / 100G
Essentials Unsalted Butter 500g,$6.40,$1.28 / 100G
Pauls Zymil Skim Uht Milk 1l,$3.00,$3.00 / 1L
Vitasoy Oat Milk 1l,$3.30,$3.30 / 1L
Pauls Smarter White Milk 2l,$4.75,$2.38 / 1L
Yopro Perform High Protein Yoghurt No Added Sugar Key Lime 175g,$3.70,$2.11 / 100G
Brownes Wiggles Blueberry Pouch Lactose Free 90g,$1.00,$1.11 / 100G
Activia Danone Probiotic Yoghurt No Added Sugar Berries 125g X 4 Pack,$4.00,$0.80 / 100G
Vitasoy Soy Milky Lite 1l,$2.45,$2.45 / 1L
Woolworths Cook Roast Mixed Vegetables With Garlic & Rosemary 500g,$5.50,$11.00 / 1KG
Siggi's Yoghurt Mixed Berry 125g,$2.50,$2.00 / 100G
Dairy Farmers Thick & Creamy Blueberry Yoghurt 150g,$1.95,$1.30 / 100G
Essentials Garlic Bread 450g,$2.30,$0.51 / 100G
Five:am Organic Vanilla Bean Yoghurt 170g,$2.00,$1.18 / 100G
Cocobella Dairy Free Coconut Yoghurt Natural 500g,$6.00,$1.20 / 100G
Gippsland Dairy Passionfruit Pavlova Yoghurt 140g,$3.85,$2.75 / 100G
Rafferty's Garden Baby Food Pouch Natural Plain Yoghurt 6+ Months 70g,$1.30,$1.86 / 100G
Western Star Original Butter Block 500g,$8.50,$1.70 / 100G
Woolworths Lite Milk 2l,$3.10,$1.55 / 1L
Vaalia Probiotic Yoghurt Lemon Creme 150gx 4 Pack,$5.30,$0.88 / 100G
Pauls Kids Yoghurt Pouch Limited Edition Birthday Cake Flavour 70g,$1.20,$1.71 / 100G
Vitasoy Soy Milky Regular 1l,$2.45,$2.45 / 1L
Woolworths Full Cream Milk 3l,$4.50,$1.50 / 1L
Woolworths Uht Full Cream Milk 1l,$1.60,$1.60 / 1L
Woolworths Full Cream Milk 2l,$3.10,$1.55 / 1L
Woolworths Baby Leaf Spinach 120g,$3.00,$25.00 / 1KG
Woolworths Thickened Cream 600ml,$4.50,$0.75 / 100ML
Woolworths Sour Cream 300ml,$3.25,$1.08 / 100ML
Hillview Tasty Shredded Cheese 700g,$10.00,$14.29 / 1KG
Woolworths Thickened Cream 300ml,$2.80,$0.93 / 100ML
Woolworths Caesar Salad Kit Tub 250g,$6.50,$26.00 / 1KG
Bonsoy Long Life Soy Milk 1l,$3.90,$3.90 / 1L
Rafferty's Garden Baby Food No Added Sugar Banana Yoghurt 6+ Months 70g,$1.30,$1.86 / 100G
Siggi's Yoghurt Black Cherry 125g,$2.50,$2.00 / 100G
Western Star Soft 'n' Less Salt Spreadable 500g,$7.50,$1.50 / 100G
Vaalia Probiotic Yoghurt Natural 900g,$7.00,$0.78 / 100G
Western Star Spreadable Supersoft 375g,$6.00,$1.60 / 100G
Yopro Perform High Protein Yoghurt No Added Sugar Strawberry 175g,$3.70,$2.11 / 100G
Vitasoy Greek Style Soy Yogurt Hint Of Mango & Passionfruit 140g,$2.70,$1.93 / 100G
Woolworths Fresh Pea & Ham Soup 300g,$3.00,$1.00 / 100G
Chobani Mango Greek Yogurt Pouch 140g,$2.50,$1.79 / 100G
Woolworths Creamy Pasta Salad 800g,$7.00,$0.88 / 100G
Yoplait Forme Zero Tropical Paradise Yoghurts 6 Pack,$6.50,$0.68 / 100G
Woolworths Light Sour Cream 300ml,$3.25,$1.08 / 100ML
Woolworths Tabbouleh With Mixed Grain Salad 350g,$5.80,$1.66 / 100G
Wicked Sister Vanilla Bean Rice Pudding 2x170g,$3.80,$1.12 / 100G
Activia Danone Probiotic Yoghurt No Added Sugar Mango 125g X 4 Pack,$4.00,$0.80 / 100G
Jalna Pouch Of Purity Blueberry Yoghurt 100g,$1.50,$1.50 / 100G
Yopro Danone High Protein Yoghurt No Added Sugar Plain 700g,$7.50,$1.07 / 100G
Essentials Parmesan Cheese 100g,$2.00,$20.00 / 1KG
Sunny Queen 12 Extra Large Free Range Eggs 700g,$7.20,$1.03 / 100G
Essentials Table Spread Soft And Spreadable 500g,$2.30,$0.46 / 100G
Essentials Salted Butter 500g,$6.40,$1.28 / 100G
Chobani Fit Raspberry High Protein Greek Yogurt Pouch 140g,$2.70,$1.93 / 100G
Woolworths Full Cream Milk 3l,$4.50,$1.50 / 1L
Woolworths Uht Full Cream Milk 1l,$1.60,$1.60 / 1L
Woolworths Full Cream Milk 2l,$3.10,$1.55 / 1L
Woolworths Baby Leaf Spinach 120g,$3.00,$25.00 / 1KG
Woolworths Thickened Cream 600ml,$4.50,$0.75 / 100ML
Woolworths Sour Cream 300ml,$3.25,$1.08 / 100ML
Hillview Tasty Shredded Cheese 700g,$10.00,$14.29 / 1KG
Woolworths Thickened Cream 300ml,$2.80,$0.93 / 100ML
Wicked Sister High Protein Strawberry Pudding 170g,$3.00,$1.76 / 100G
Leggos Fresh Veal Tortellini 630g,$7.00,$1.11 / 100G
Chobani Flip Greek Yogurt Mint Choc Chip 140g,$3.50,$2.50 / 100G
Tamar Valley Dairy Yoghurt Mango & Cream 700g,$7.50,$1.07 / 100G
Gippsland Dairy Apple Pie Yoghurt 140g,$3.85,$2.75 / 100G
Jalna Sweet & Creamy Greek Yoghurt 1kg,$6.50,$0.65 / 100G
Yumi's Sweet Potato & Cashews Dip 200g,$3.50,$1.75 / 100G
Woolworths Beetroot & Feta Salad Kit 270g,$6.00,$22.22 / 1KG
Woolworths Chicken Buffalo Salad Bowl 180g,$6.50,$36.11 / 1KG
Woolworths Tasty Cheese Slices 500g,$9.30,$18.60 / 1KG
Tamar Valley Dairy Yoghurt Strawberry & Cream 700g,$7.50,$1.07 / 100G
Farmers Union Natural Greek Style Yogurt 200g,$3.00,$1.50 / 100G
Woolworths Creamy Pasta Salad 250g,$3.80,$1.52 / 100G
Woolworths Lite Milk 3l,$4.50,$1.50 / 1L
Pauls Zymil Milk 3l,$8.90,$2.97 / 1L
Yumi's Original Falafel Balls 225g,$5.55,$24.67 / 1KG
Yumi's Pumpkin & Spinach Bites 225g,$6.00,$26.67 / 1KG
Vitasoy So Milky Soy Milk 1l,$2.85,$2.85 / 1L
Woolworths Natural Greek Style Yoghurt 500g,$3.30,$0.66 / 100G
Woolworths Chunky Vegetable Soup 300g,$3.00,$1.00 / 100G
Obela Tzatziki Dip Classic 220g,$5.00,$2.27 / 100G
Farmers Union Greek Yogurt 4 Pack,$6.00,$0.94 / 100G
Tamar Valley Dairy Yoghurt Blueberry & Cream 700g,$7.50,$1.07 / 100G
Vitasoy Original Soy Milk 1l,$3.00,$3.00 / 1L
Woolworths Full Cream Milk 3l,$4.50,$1.50 / 1L
Woolworths Uht Full Cream Milk 1l,$1.60,$1.60 / 1L
Woolworths Full Cream Milk 2l,$3.10,$1.55 / 1L
Woolworths Baby Leaf Spinach 120g,$3.00,$25.00 / 1KG
Woolworths Thickened Cream 600ml,$4.50,$0.75 / 100ML
Woolworths Sour Cream 300ml,$3.25,$1.08 / 100ML
Hillview Tasty Shredded Cheese 700g,$10.00,$14.29 / 1KG
Woolworths Thickened Cream 300ml,$2.80,$0.93 / 100ML
