Data
$0.86,$0.86 / 1EA,Cavendish Bananas Each,Add to cart,Save to list
$0.94,$0.94 / 1EA,Fresh Tomato Each,Add to cart,Save to list
$1.03,$1.03 / 1EA,Fresh Pink Lady Apples Each,Add to cart,Save to list
$2.30,$2.30 / 1EA,Avocado Shepard Each,Add to cart,Save to list
$0.85,$0.85 / 1EA,Potato White Washed Each,Add to cart,Save to list
$0.59,$0.59 / 1EA,Onion Brown Each,Add to cart,Save to list
$0.88,$0.88 / 1EA,Apple Royal Gala Each,Add to cart,Save to list
$1.42,$1.42 / 1EA,Lebanese Cucumbers Each,Add to cart,Save to list
$2.23,$2.23 / 1EA,Red Capsicum Each,Add to cart,Save to list
$1.82,$1.82 / 1EA,Fresh Broccoli Each,Add to cart,Save to list
$4.90,$19.60 / 1KG,Strawberries 250g Punnet,Add to cart,Save to list
$0.35,$0.35 / 1EA,Carrot Fresh Each,Add to cart,Save to list
$1.56,$1.56 / 1EA,Sweet Potato Gold Each,Add to cart,Save to list
$0.78,$0.78 / 1EA,Green Zucchini Each,Add to cart,Save to list
$0.79,$0.79 / 1EA,Fresh Granny Smith Apples Each,Add to cart,Save to list
$1.19,$1.19 / 1EA,Truss Tomatoes Each,Add to cart,Save to list
$0.86,$0.86 / 1EA,Onion Red Each,Add to cart,Save to list
$3.00,$12.00 / 1KG,Woolworths Cherry Tomatoes Punnet 250g,Add to cart,Save to list
$2.90,$2.90 / 1EA,Woolworths Continental Cucumbers Each,Add to cart,Save to list
$3.60,$3.60 / 1EA,White Seedless Grapes Bag Approx. 900g each,Add to cart,Save to list
$6.50,$52.00 / 1KG,Blueberries Punnet 125g,Add to cart,Save to list
$4.50,$4.50 / 1EA,Iceberg Lettuce Each,Add to cart,Save to list
$2.14,$2.14 / 1EA,Orange Navel Each,Add to cart,Save to list
$0.47,$0.47 / 1EA,Plum Black Each,Add to cart,Save to list
$2.40,$2.40 / 1KG,Woolworths Australian Grown Carrots 1Kg,Add to cart,Save to list
$1.38,$1.38 / 1EA,Lemon Fresh Each,Add to cart,Save to list
$3.50,$14.00 / 1KG,Woolworths Qukes Baby Cucumbers Punnet 250g,Add to cart,Save to list
$0.70,$0.70 / 1EA,Fresh William Bartlett Pear Each,Add to cart,Save to list
LOWER AUTUMN PRICE,$2.50,$20.83 / 1KG,WAS $3 - 25/02/2025,Woolworths Baby Leaf Spinach 120g,Add to cart,Save to list
$2.30,$2.30 / 1EA,Woolworths Broccolini Bunch Each,Add to cart,Save to list
$4.50,$36.00 / 1KG,Raspberries Punnet 125g,Add to cart,Save to list
$3.60,$3.60 / 1KG,Woolworths Onion Brown Bag 1kg,Add to cart,Save to list
$2.80,$2.80 / 1EA,Spring Onion Eschallot Bunch,Add to cart,Save to list
$3.20,$1.60 / 1EA,Woolworths Cos Hearts Lettuce 2 Pack,Add to cart,Save to list
SAVE $1.00,$11.50,$12.50 - $11.50 / 1KG,Mushrooms Cups Loose Per Kg,Add to cart,Save to list
$1.88,$1.88 / 1EA,Garlic Head Each,Add to cart,Save to list
$1.20,$1.20 / 1EA,Corn Sweet Each,Add to cart,Save to list
$2.23,$2.23 / 1EA,Capsicum Green Each,Add to cart,Save to list
$7.70,$7.70 / 1EA,Woolworths Red Watermelon Cut Quarter Each,Add to cart,Save to list
$0.95,$0.95 / 1EA,Kiwi Fruit Green Each,Add to cart,Save to list
EVERYDAY LOW PRICE,$2.00,$10.00 / 1KG,Woolworths Lettuce Iceberg Shredded Lettuce 200g,Add to cart,Save to list
$5.50,$2.75 / 1KG,Woolworths Washed Potatoes Bag 2kg,Add to cart,Save to list
$0.85,$0.85 / 1EA,Potato Red Washed Each,Add to cart,Save to list
$5.90,$5.90 / 1KG,Woolworths Fresh Pink Lady Apples Punnet 1kg,Add to cart,Save to list
$1.25,$1.25 / 1EA,Lime Fresh Each,Add to cart,Save to list
$3.50,$3.50 / 1EA,Bananas Kids 5 Pack,Add to cart,Save to list
$0.47,$0.47 / 1EA,Plum Red Each,Add to cart,Save to list
$2.30,$2.30 / 1EA,The Odd Bunch Continental Cucumber Each,Add to cart,Save to list
$2.45,$2.45 / 1EA,Woolworths Butternut Pumpkin Cut Each,Add to cart,Save to list
$0.98,$0.98 / 1EA,Potato Brushed Each,Add to cart,Save to list
$4.00,$4.00 / 1EA,Celery Fresh Bunch,Add to cart,Save to list
$4.50,$4.50 / 1EA,Red Seedless Grapes Bag Approx. 900g each,Add to cart,Save to list
IN-STORE ONLY,Woolworths Baby Spinach Spinach 280g,View similar,products,             to Woolworths Baby Spinach Spinach 280g,Save to list
$1.17,$1.17 / 1EA,Macro Organic Banana Each,Add to cart,Save to list
$2.40,$1.60 / 1KG,The Odd Bunch Carrots 1.5kg,Add to cart,Save to list
$4.50,$4.50 / 1KG,Woolworths White Washed Baby Potatoes Bag 1kg,Add to cart,Save to list
$0.65,$0.65 / 1EA,Onion Shallot French Each,Add to cart,Save to list
IN-STORE ONLY,Ginger Fresh Per Kg,View similar,products,             to Ginger Fresh Per Kg,Save to list
$1.21,$1.21 / 1EA,Jazz Apple Each,Add to cart,Save to list
$4.00,$20.00 / 1KG,Woolworths White Cup Sliced Mushroom Punnet 200g,Add to cart,Save to list
$5.50,$44.00 / 1KG,Blackberries Punnet 125g,Add to cart,Save to list
$2.45,$2.45 / 1EA,Fresh Cauliflower Half Each,Add to cart,Save to list
$0.86,$0.86 / 1EA,Kanzi Apple Each,Add to cart,Save to list
$3.50,$14.00 / 1KG,Mini-Roma Tomato 250g Punnet,Add to cart,Save to list
$5.50,$5.50 / 1KG,Woolworths Royal Gala Apple 1kg Punnet,Add to cart,Save to list
$3.20,$3.20 / 1EA,Woolworths Fresh Continental Parsley Bunch,Add to cart,Save to list
$4.90,$4.90 / 1EA,Fresh Whole Cauliflower Each,Add to cart,Save to list
$3.60,$3.60 / 1KG,The Odd Bunch Apples Prepacked Punnet 1kg,Add to cart,Save to list
$1.11,$1.11 / 1EA,Mandarin Afourer Each,Add to cart,Save to list
$0.60,$0.60 / 1EA,Woolworths Red Cayenne Chilli (Medium) Each,Add to cart,Save to list
$6.00,$4.00 / 1KG,Spud Lite Prepack Potato 1.5kg,Add to cart,Save to list
$4.50,$4.50 / 1KG,Woolworths Fresh Granny Smith Apples Punnet 1kg,Add to cart,Save to list
$5.90,$11.80 / 1KG,The Odd Bunch Strawberries Punnet 500g,Add to cart,Save to list
$1.80,$3.60 / 1KG,Woolworths Baby Carrots 500g,Add to cart,Save to list
$2.90,$2.90 / 1EA,Leek Fresh Each,Add to cart,Save to list
$3.00,$3.00 / 1KG,Woolworths Red Onions 1kg Bag,Add to cart,Save to list
$2.30,$3.07 / 1KG,The Odd Bunch Zucchini Prepacked 750g,Add to cart,Save to list
$3.20,$3.20 / 1EA,Woolworths Green Basil Bunch,Add to cart,Save to list
OUT OF STOCK,Woolworths Baby Spinach 60g,View similar,products,             to Woolworths Baby Spinach 60g,Save to list
$7.00,$14.00 / 1KG,Woolworths Mushroom Sliced 500g,Add to cart,Save to list
$4.50,$15.00 / 1KG,Woolworths Celery Sticks 300g Punnet,Add to cart,Save to list
LOWER AUTUMN PRICE,$2.50,$20.83 / 1KG,WAS $3.30 - 25/02/2025,Woolworths Baby Leaf Rocket 120g,Add to cart,Save to list
$3.00,$15.00 / 1KG,Woolworths Leafy Mix Salad 200g,Add to cart,Save to list
$0.14,$0.14 / 1EA,Woolworths Bird's Eye Chilli Hot Each,Add to cart,Save to list
$3.50,$0.70 / 1EA,Woolworths Fresh Food Kids Mini Apples 5 Pack,Add to cart,Save to list
$2.85,$2.85 / 1EA,Eggplant Fresh Each,Add to cart,Save to list
$2.80,$2.80 / 1KG,The Odd Bunch Pear Prepacked 1kg,Add to cart,Save to list
$8.90,$2.97 / 1KG,Orange Valencia 3kg Bag,Add to cart,Save to list
$6.50,$3.25 / 1KG,Woolworths Brushed Potatoes Bag 2kg,Add to cart,Save to list
$7.90,$3.95 / 1KG,Woolworths Red Washed Potatoes Bag 2kg,Add to cart,Save to list
$1.06,$1.06 / 1EA,Banana Red Tipped Each,Add to cart,Save to list
$1.12,$1.12 / 1EA,Banana Lady Finger Each,Add to cart,Save to list
$3.00,$10.00 / 1KG,Woolworths Finely Shredded Coleslaw 300g,Add to cart,Save to list
$8.50,$8.50 / 1KG,Woolworths Gourmet Tomatoes Punnet 1kg,Add to cart,Save to list
$6.50,$6.50 / 1KG,The Odd Bunch Avocado Prepacked 1kg,Add to cart,Save to list
$4.00,$20.00 / 1KG,Woolworths Mushrooms Cups 200g Punnet,Add to cart,Save to list
$2.95,$2.95 / 1EA,Fresh Rockmelon Half Each,Add to cart,Save to list
EST. RESTOCK 06/04/25,Capsicum Yellow Each,View similar,products,             to Capsicum Yellow Each,Save to list
$1.16,$1.16 / 1EA,Mandarin Tangold Seedless Each,Add to cart,Save to list
$4.90,$4.90 / 1KG,Woolworths Gold Sweet Potatoes Bag 1kg,Add to cart,Save to list
$5.50,$11.00 / 1KG,Woolworths Tomato Truss 500g Punnet,Add to cart,Save to list
$7.00,$14.00 / 1KG,Woolworths Mushrooms Cups 500g Punnet,Add to cart,Save to list
$3.90,$3.90 / 1EA,Woolworths Green Asparagus Bunch Each,Add to cart,Save to list
$1.04,$1.04 / 1EA,Fresh Beurre Bosc Pear Each,Add to cart,Save to list
$3.50,$14.00 / 1KG,Woolworths Snackable Snacking Carrot Each,Add to cart,Save to list
$1.70,$1.70 / 1EA,Woolworths Green Cabbage Quarter each,Add to cart,Save to list
$3.20,$3.20 / 1EA,Woolworths Lettuce Oakleaf Green Each,Add to cart,Save to list
$4.90,$2.45 / 1KG,Woolworths Brown Onions Bag 2kg,Add to cart,Save to list
$3.20,$3.20 / 1EA,Woolworths Fresh Mint Bunch,Add to cart,Save to list
$3.50,$17.50 / 1KG,Woolworths Sweet Solanato Tomato Punnet Punnet 200g,Add to cart,Save to list
$5.50,$18.97 / 1KG,Woolworths Caesar Salad Kit 290g,Add to cart,Save to list
$3.50,$4.67 / 1KG,Zerella Fresh Zerella Fresh Spudlite Baby Potato Pack Bag 750g,Add to cart,Save to list
$3.50,$1.17 / 1EA,Woolworths Garlic 3 Pack,Add to cart,Save to list
$3.40,$3.40 / 1EA,Woolworths Green Cabbage Half Each,Add to cart,Save to list
$5.23,$5.23 / 1EA,Black Seedless Grapes Bag Approx. 950g each,Add to cart,Save to list
$1.12,$1.12 / 1EA,Banana Lady Finger Each,Add to cart,Save to list
$5.50,$11.00 / 1KG,Woolworths Corn Sweet 500g Pack,Add to cart,Save to list
OUT OF STOCK,Sweetest Batch® Premium Strawberries 300g Punnet,View similar,products,             to Sweetest Batch® Premium Strawberries 300g Punnet,Save to list
$5.50,$11.00 / 1KG,The Odd Bunch Lime Prepacked 500g,Add to cart,Save to list
$3.90,$3.90 / 1EA,Kale Fresh Bunch,Add to cart,Save to list
$5.50,$5.50 / 1EA,Pineapple Naturally Sweet Whole Each,Add to cart,Save to list
$5.80,$17.06 / 1KG,Mulgowie Green Beans Cleaned & Cut 340g,Add to cart,Save to list
$8.90,$1.78 / 1EA,Woolworths Orange Navel 5 Pack,Add to cart,Save to list
$5.50,$15.71 / 1KG,Woolworths Asian Style Salad Kit 350g,Add to cart,Save to list
$2.90,$2.90 / 1EA,Pak Choy Baby Asian Greens Each,Add to cart,Save to list
$3.50,$3.50 / 1KG,Fresh William Bartlett Pear 1kg Punnet,Add to cart,Save to list
$2.90,$2.90 / 1EA,Buk Choy Asian Greens Each,Add to cart,Save to list
EST. RESTOCK 06/04/25,Woolworths Lettuce Butter 170g,View similar,products,             to Woolworths Lettuce Butter 170g,Save to list
$1.50,$1.50 / 1EA,Passionfruit Fresh Each,Add to cart,Save to list
$1.95,$1.95 / 1EA,Beetroot Loose Each,Add to cart,Save to list
$2.00,$10.00 / 1KG,Woolworths Classic Coleslaw 200g,Add to cart,Save to list
$4.00,$23.53 / 1KG,Woolworths Lettuce Gourmet Leaf Mix 170g,Add to cart,Save to list
$6.90,$0.86 / 1EA,Kiwi Fruit Green 8 Pack,Add to cart,Save to list
$3.20,$2.13 / 10G,Woolworths Dill Fresh Herb 15g,Add to cart,Save to list
$4.50,$18.00 / 1KG,Woolworths Truss Cocktail Tomato Punnet 250g,Add to cart,Save to list
$2.50,$10.00 / 1KG,Aussie Sprouts Bean Sprouts 250g,Add to cart,Save to list
$0.60,$0.60 / 1EA,Woolworths Green Cayenne Chilli (Mild) Each,Add to cart,Save to list
$4.00,$4.00 / 1EA,Woolworths Celery Heart Each,Add to cart,Save to list
$5.50,$3.67 / 1KG,Woolworths Mashing Potatoes Bag 1.5kg,Add to cart,Save to list
$7.00,$7.00 / 1KG,The Odd Bunch Capsicum Prepacked 1kg,Add to cart,Save to list
$2.00,$33.33 / 1KG,Woolworths Baby Rocket 60g,Add to cart,Save to list
$5.50,$12.94 / 1KG,Woolworths Corn Cobbettes 425g,Add to cart,Save to list
$3.00,$10.00 / 1KG,Woolworths Lettuce Iceberg Blend Lettuce Blend 300g,Add to cart,Save to list
$7.00,$1.75 / 1KG,Woolworths Brushed Potatoes Bag 4kg,Add to cart,Save to list
$5.90,$12.29 / 1KG,Select Gourmet Tomatoes 480g Punnet,Add to cart,Save to list
$5.90,$39.33 / 1KG,Woolworths Chicken Caesar Salad Bowl 180g,Add to cart,Save to list
$2.90,$5.80 / 1KG,Woolworths Potato Mini Microwavable White Bag 500g,Add to cart,Save to list
$5.00,$16.67 / 1KG,Woolworths Baby Leaf Mix With Carrot 300g,Add to cart,Save to list
$5.90,$12.29 / 1KG,Woolworths Roma Tomato 480g Punnet,Add to cart,Save to list
$3.20,$3.20 / 1EA,Woolworths Lettuce Baby Cos Each,Add to cart,Save to list
$1.70,$1.70 / 1EA,Cabbage Red Quarter Each,Add to cart,Save to list
$3.50,$0.70 / 1EA,Woolworths Fresh Food Kids Mini Pears 5 Pack,Add to cart,Save to list
$1.01,$1.01 / 1EA,Woolworths Jalapeno Chilli (Medium) Each,Add to cart,Save to list
$5.50,$13.75 / 1KG,Woolworths White Grapes 400g,Add to cart,Save to list
$4.50,$22.50 / 1KG,Woolworths Mushrooms Button 200g Punnet,Add to cart,Save to list
$4.30,$28.67 / 1KG,Woolworths Sugar Snap Peas 150g Bag,Add to cart,Save to list
IN-STORE ONLY,Strawberries 450g Punnet,View similar,products,             to Strawberries 450g Punnet,Save to list
$6.30,$6.30 / 1EA,Pumpkin Butternut Whole Each,Add to cart,Save to list
$3.20,$3.20 / 10G,Woolworths Thyme Fresh Herb 10g Punnet,Add to cart,Save to list
$3.20,$3.20 / 10G,Woolworths Chives Fresh Herb 10g Punnet,Add to cart,Save to list
SAVE $0.30,$3.00,$3.30 - $10.00 / 1KG,Just Veg. Carrot Sticks 300g,Add to cart,Save to list
OUT OF STOCK,Tomberry Tomatoes 125g,View similar,products,             to Tomberry Tomatoes 125g,Save to list
$0.96,$0.96 / 1EA,Apple Red Delicious Each,Add to cart,Save to list
$2.75,$2.75 / 1EA,Naturally Sweet Pineapple Half Each,Add to cart,Save to list
$0.86,$0.86 / 1EA,Mi Apple Loose Each,Add to cart,Save to list
$4.40,$5.87 / 1KG,Macro Organic Carrots 750g,Add to cart,Save to list
$12.50,$27.78 / 1KG,Medjool Dates Punnet 450g,Add to cart,Save to list
$3.90,$9.75 / 1KG,Woolworths Beanette Pre Pack 400g Punnet,Add to cart,Save to list
$5.50,$20.37 / 1KG,Woolworths Greek Salad Kit 270g,Add to cart,Save to list
$2.70,$9.00 / 1KG,Woolworths Sweet Potato Mini Gold Prepacked 300g,Add to cart,Save to list
$3.20,$2.13 / 10G,Woolworths Green Basil Fresh Herb 15g Punnet,Add to cart,Save to list
$5.90,$18.44 / 1KG,Perfection Mix-a-Mato Mini Tomatoes 320g,Add to cart,Save to list
IN-STORE ONLY,Mushroom Portobello Flat Large MIN. 200G,View similar,products,             to Mushroom Portobello Flat Large MIN. 200G,Save to list
$5.90,$14.75 / 1KG,Cotton Candy Grapes 400g,Add to cart,Save to list
$1.29,$1.29 / 1EA,Grapefruit Red Flesh Each,Add to cart,Save to list
$5.50,$3.67 / 1KG,Woolworths Lower Carb Potatoes 1.5kg,Add to cart,Save to list
$4.50,$4.50 / 1EA,Woolworths Little Gem Lettuce Green 2 Pack,Add to cart,Save to list
$3.20,$3.20 / 10G,Woolworths Rosemary Fresh Herb 10g Punnet,Add to cart,Save to list
$5.50,$10.58 / 1KG,Woolworths Crunchy Noodle Coleslaw Kit Coleslaw Kit 520g,Add to cart,Save to list
$7.80,$7.80 / 1KG,Macro Organic Royal Gala Apple Punnet 1kg,Add to cart,Save to list
$1.50,$1.50 / 1EA,Passionfruit Panama Each,Add to cart,Save to list
$5.00,$10.00 / 1KG,Woolworths Diced Pumpkin & Sweet Potato 500g,Add to cart,Save to list
$5.50,$15.71 / 1KG,Woolworths Kaleslaw Kit 350g,Add to cart,Save to list
$3.30,$11.00 / 1KG,Just Veg. Carrot Shred 300g,Add to cart,Save to list
$3.20,$3.20 / 1EA,Woolworths Fresh Parsley Bunch,Add to cart,Save to list
$4.50,$45.00 / 1KG,Macro Certified Organic Baby Spinach 100g,Add to cart,Save to list
$5.00,$0.42 / 10G,Gourmet Garden Cold Blend Pastes Garlic Value 120g,Add to cart,Save to list
$0.89,$0.89 / 1EA,Onion White Each,Add to cart,Save to list
$4.50,$4.50 / 1KG,Woolworths Baby Red Washed Potato 1kg Bag,Add to cart,Save to list
$3.40,$3.40 / 1EA,Cabbage Red Half Each,Add to cart,Save to list
$7.00,$1.47 / 100G,Woolworths Classic Potato Mash 475g,3.9,/,721,Add to cart,Save to list
OUT OF STOCK,Woolworths Baby Leaf With Beetroot & Carrot 180g,View similar,products,             to Woolworths Baby Leaf With Beetroot & Carrot 180g,Save to list
$5.00,$10.00 / 1KG,Woolworths Washed & Ready To Cook Pumpkin Cubes 500g,Add to cart,Save to list
$4.00,$5.00 / 10G,Gourmet Garden Parsley Lightly Dried 8G Sachet,Add to cart,Save to list
$4.70,$6.27 / 1KG,The Odd Bunch Lemons 750g,Add to cart,Save to list
$3.20,$3.20 / 1EA,Woolworths Lettuce Oakleaf Combo Each,Add to cart,Save to list
$2.14,$2.14 / 1EA,Fresh Green Nashi Pear Each,Add to cart,Save to list
$3.90,$3.90 / 1EA,Radish Fresh Bunch,Add to cart,Save to list
OUT OF STOCK,Woolworths Leafy Mix Salad 120g,View similar,products,             to Woolworths Leafy Mix Salad 120g,Save to list
$9.10,$9.10 / 1EA,Whole Pumpkin Kent Each,Add to cart,Save to list
$5.50,$27.50 / 1KG,Woolworths Swiss Brown Mushrooms Punnet 200g,Add to cart,Save to list
$5.50,$3.44 / 100G,Avofresh Classic Avocado Guacamole 160g,Add to cart,Save to list
$5.90,$24.58 / 1KG,Woolworths Green Goodness Salad Bowl 240g,Add to cart,Save to list
OUT OF STOCK,Woolworths Sweet Baby Vine Capsicum 175g,View similar,products,             to Woolworths Sweet Baby Vine Capsicum 175g,Save to list
$11.00,$11.00 / 1KG,Woolworths Brussels Sprouts PER KG,Add to cart,Save to list
$2.90,$2.90 / 1EA,Woolworths Baby Buk Choy Asian Greens Each,Add to cart,Save to list
$3.00,$12.00 / 1KG,Woolworths Whole Fresh Beetroot 250g,Add to cart,Save to list
$2.00,$13.33 / 1KG,Woolworths Washed & Ready To Cook Broccoli Florets 150g,Add to cart,Save to list
$4.50,$15.00 / 1KG,Woolworths Baby Brussels Sprouts 300g Punnet,Add to cart,Save to list
$4.50,$10.00 / 1KG,Woolworths American Style Slaw Kit 450g,Add to cart,Save to list
$5.50,$13.75 / 1KG,Woolworths Red Grapes 400g,Add to cart,Save to list
OUT OF STOCK,Sweet Delight Tomatoes 200g,View similar,products,             to Sweet Delight Tomatoes 200g,Save to list
$5.50,$27.50 / 1KG,Woolworths Mushrooms Swiss Brown Sliced 200g Punnet,Add to cart,Save to list
$5.50,$5.50 / 1KG,Macro Dutch Cream Organic Potato 1kg Punnet,Add to cart,Save to list
$3.50,$3.50 / 1EA,Fresh Fennel Each,Add to cart,Save to list
$4.90,$24.50 / 1KG,Macro Organic Round Beans 200g,Add to cart,Save to list
$4.50,$9.00 / 1KG,Woolworths Classic Coleslaw Kit 500g,Add to cart,Save to list
$4.70,$4.70 / 1EA,Silverbeet Fresh Bunch Each,Add to cart,Save to list
$4.90,$4.90 / 1EA,Pomegranate Each,Add to cart,Save to list
$5.80,$11.60 / 1KG,McCain Pub Style Onion Rings 500g,Add to cart,Save to list
$6.50,$43.33 / 1KG,Macro Organic Ginger Punnet 150g,Add to cart,Save to list
$4.00,$0.50 / 10G,Gourmet Garden Paste Ginger 80g,Add to cart,Save to list
$5.50,$3.44 / 100G,Avofresh Smashed Avocado 160g,Add to cart,Save to list
$5.90,$29.50 / 1KG,Woolworths Beetroot & Feta Salad Bowl 200g,Add to cart,Save to list
$5.50,$27.50 / 1KG,Woolworths Caesar Salad Bowl 200g,Add to cart,Save to list
$3.95,$3.95 / 1EA,Cabbage Chinese Wombok Half Each,Add to cart,Save to list
$4.90,$24.50 / 1KG,Macro Organic Solanato Tomatoes 200g,Add to cart,Save to list
$1.95,$1.95 / 1EA,Macro Pumpkin Kent Cut Organic Each,Add to cart,Save to list
$2.50,$20.00 / 1KG,Aussie Sprouts Alfalfa Sprouts 125g Punnet,Add to cart,Save to list
$3.20,$1.07 / 10G,Woolworths Lemongrass Fresh Herb 30g Punnet,Add to cart,Save to list
IN-STORE ONLY,Swedes Fresh Each,Add to cart,Save to list
$5.90,$23.60 / 1KG,Woolworths Caesar Salad Kit Tub 250g,Add to cart,Save to list
IN-STORE ONLY,Kimaye Fresh Pomegranate Arils Punnet 75g,Add to cart,Save to list
$1.18,$1.18 / 1EA,Fresh Corella Pear Each,Add to cart,Save to list
$5.90,$14.75 / 1KG,Candy Hearts Grapes 400g,Add to cart,Save to list
$4.00,$4.00 / 10G,Gourmet Garden Basil Lightly Dried 10g Sachet,Add to cart,Save to list
$3.45,$3.45 / 1EA,Honeydew Large Half Each,Add to cart,Save to list
$4.90,$16.33 / 1KG,Perfection Kumato Tomato Punnet 300g,Add to cart,Save to list
IN-STORE ONLY,Strawberry Organic 250g Punnet,View similar,products,             to Strawberry Organic 250g Punnet,Save to list
$3.00,$10.00 / 1KG,Woolworths Rainbow Coleslaw 300g,Add to cart,Save to list
IN-STORE ONLY,Macro Organic Herb Coriander Bunch Each,View similar,products,             to Macro Organic Herb Coriander Bunch Each,Save to list
$4.00,$0.50 / 10G,Gourmet Garden Cold Blend Pastes Lemongrass 80g,Add to cart,Save to list
IN-STORE ONLY,Macro White Organic Grapes 500g,View similar,products,             to Macro White Organic Grapes 500g,Save to list
$6.90,$6.90 / 1EA,Honeydew Fresh Whole Each,Add to cart,Save to list
$5.50,$15.71 / 1KG,Woolworths Cranberry & Kaleslaw Kit 350g,Add to cart,Save to list
$5.00,$12.50 / 1KG,Woolworths Cook Stir-Fry Traditional Vegetables 400g,Add to cart,Save to list
$3.20,$2.13 / 10G,Woolworths Thai Basil Fresh Herbs 15g Punnet,Add to cart,Save to list
$2.90,$41.43 / 1KG,Woolworths Garlic Cloves 70g,Add to cart,Save to list
OUT OF STOCK,Woolworths Baby Spinach & Rocket 60g,View similar,products,             to Woolworths Baby Spinach & Rocket 60g,Save to list
$5.50,$23.91 / 1KG,Woolworths Asian Salad Bowl 230g,Add to cart,Save to list
OUT OF STOCK,Kiwiberry Punnet 125g,Add to cart,Save to list
$2.00,$13.33 / 1KG,Woolworths Washed & Ready To Cook Broccoli & Cauliflower Florets 150g,Add to cart,Save to list
$6.80,$6.80 / 1KG,The Odd Bunch Tomato Prepacked 1kg,Add to cart,Save to list
$6.50,$13.00 / 1KG,Macro Organic Green Zucchini Punnet 500g,Add to cart,Save to list
$5.50,$17.46 / 1KG,Woolworths Thai Salad Kit 315g,Add to cart,Save to list
$1.06,$1.06 / 1EA,Fresh Papple Each,Add to cart,Save to list
$4.00,$0.50 / 10G,Gourmet Garden Cold Blend Pastes Garlic 80g,Add to cart,Save to list
OUT OF STOCK,Woolworths Brussel Sprouts Prepack 500g Punnet,View similar,products,             to Woolworths Brussel Sprouts Prepack 500g Punnet,Save to list
$7.00,$4.67 / 1KG,Georgina Premium White Wash Potatoes Bag 1.5kg,Add to cart,Save to list
$4.90,$4.90 / 1KG,Kanzi Apple 1kg Punnet,Add to cart,Save to list
$3.20,$3.20 / 10G,Woolworths Kaffir Lime Leaf Fresh Herb 10g Punnet,Add to cart,Save to list
$2.90,$2.90 / 1EA,Woolworths Choy Sum Asian Greens Each,Add to cart,Save to list
$1.40,$1.40 / 1EA,Turnip Fresh Each,Add to cart,Save to list
IN-STORE ONLY,Leek Twin Pack 2 Pack,View similar,products,             to Leek Twin Pack 2 Pack,Save to list
$5.50,$18.33 / 1KG,Fresh Figs 300g Punnet,Add to cart,Save to list
$5.90,$5.90 / 1KG,Macro Mini Organic Apple 1kg,Add to cart,Save to list
$6.80,$13.60 / 1KG,Macro Red Grapes Organic 500g,Add to cart,Save to list
$5.50,$11.00 / 1KG,Woolworths Roast Mixed Vegetables With Garlic & Rosemary 500G,Add to cart,Save to list
$5.18,$5.18 / 1EA,Macro Organic Sweet Potato Each,Add to cart,Save to list
$3.20,$3.20 / 10G,Woolworths Sage Fresh Herb 10g Punnet,Add to cart,Save to list
$3.80,$38.00 / 1KG,Macro Certified Organic Salad Mix 100g,Add to cart,Save to list
$3.00,$0.21 / 10G,Galiko All Natural Garlic Minced Jar 145g,Add to cart,Save to list
$7.50,$37.50 / 1KG,Macro Organic Dates Punnet 200g,Add to cart,Save to list
$5.00,$12.50 / 1KG,Woolworths Cook Potato Baby Herb & Butter 400g,Add to cart,Save to list
$4.50,$11.25 / 1KG,Woolworths Four Seasons Coleslaw 400g,Add to cart,Save to list
OUT OF STOCK,Macro Fresh Celery Heart Organic Each,View similar,products,             to Macro Fresh Celery Heart Organic Each,Save to list
$3.50,$0.70 / 1EA,Woolworths Kiwifruit Green Kids 5 Pack,Add to cart,Save to list
$8.70,$17.40 / 1KG,Macro Organic Broccoli 500g,Add to cart,Save to list
$2.00,$13.33 / 1KG,Just Veg. Carrot Sticks 150g,Add to cart,Save to list
$4.90,$4.90 / 1EA,Macro Onion Spring Organic Each,Add to cart,Save to list
OUT OF STOCK,Woolworths Honey Mustard Salad Kit 285g,View similar,products,             to Woolworths Honey Mustard Salad Kit 285g,Save to list
$5.90,$24.58 / 1KG,Woolworths Cobb Salad Bowl 240g,Add to cart,Save to list
$3.90,$3.90 / 1EA,Organic Pumpkin Butternut Each,Add to cart,Save to list
$3.00,$0.21 / 10G,Galiko All Natural Ginger Minced Jar 145g,Add to cart,Save to list
$5.50,$13.75 / 1KG,Woolworths Korean Style Salad Kit 400g,Add to cart,Save to list
$6.80,$6.80 / 1EA,Cabbage Green Whole Each,Add to cart,Save to list
OUT OF STOCK,Macro Wholefoods Market Organic Australian Mini Cucumbers 200g,View similar,products,             to Macro Wholefoods Market Organic Australian Mini Cucumbers 200g,Save to list
$5.50,$30.56 / 1KG,Woolworths Garden Salad Bowl 180g,Add to cart,Save to list
$5.50,$13.75 / 1KG,Woolworths Japanese Style Slaw Kit 400g,Add to cart,Save to list
$5.50,$25.00 / 1KG,Woolworths Mexican Style Salad Bowl Ready To Eat 220g,Add to cart,Save to list
IN-STORE ONLY,Woolworths Seedless Black Grapes 400g,Add to cart,Save to list
$5.00,$0.43 / 10G,Gourmet Garden Cold Blend Pastes Ginger Value 115g,Add to cart,Save to list
$4.50,$22.50 / 1KG,Woolworths Fresh Pineapple 200G,Add to cart,Save to list
$5.00,$10.00 / 1KG,Woolworths Whole Fresh Beetroot 500g,Add to cart,Save to list
IN-STORE ONLY,Macro Organic Herb Parsley Bunch Each,View similar,products,             to Macro Organic Herb Parsley Bunch Each,Save to list
$2.75,$2.75 / 1EA,Papaya Red Cut Half Each,Add to cart,Save to list
$5.50,$13.75 / 1KG,Woolworths Mexican Style Salad Kit 400g,Add to cart,Save to list
$5.50,$3.44 / 100G,Avofresh Avocado Lime & Black Pepper Tube 160G,Add to cart,Save to list
$4.90,$19.60 / 1KG,Macro Organic Coleslaw & Kale Slaw Kit 250g,Add to cart,Save to list
OUT OF STOCK,Woolworths Cook Stir Fry Mix Rainbow Vegetables 400g,View similar,products,             to Woolworths Cook Stir Fry Mix Rainbow Vegetables 400g,Save to list
$4.50,$10.00 / 1KG,Woolworths Smokey Bbq Slaw Kit 450g,Add to cart,Save to list
$6.90,$69.00 / 1KG,Woolworths Mushrooms Shiitake 100g Punnet,Add to cart,Save to list
EST. RESTOCK 07/04/25,Woolworths Corella Pear 750g,View similar,products,             to Woolworths Corella Pear 750g,Save to list
$4.50,$45.00 / 1KG,Macro Organic Wild Rocket 100g,Add to cart,Save to list
$4.90,$9.80 / 1KG,Zucchini Green Punnet 500g,Add to cart,Save to list
$6.50,$15.29 / 1KG,Macro Organic Corn Cobettes Pre-Pack 425g,Add to cart,Save to list
IN-STORE ONLY,Macro Organic Valencia Oranges 1.5kg Bag,View similar,products,             to Macro Organic Valencia Oranges 1.5kg Bag,Save to list
$3.50,$14.00 / 1KG,Woolworths Cook Stir Fry Vegetable Super Foods 250g,Add to cart,Save to list
$4.00,$10.00 / 10G,Gourmet Garden Lightly Dried Chives 4g,Add to cart,Save to list
$6.80,$1.36 / 1KG,The Odd Bunch Crazy Carrots 5kg,Add to cart,Save to list
OUT OF STOCK,Woolworths Kiwi Fruit Green 8 Pack,View similar,products,             to Woolworths Kiwi Fruit Green 8 Pack,Save to list
$4.00,$8.00 / 10G,Gourmet Garden Oregano Lightly Dried 5g,Add to cart,Save to list
$4.00,$40.00 / 1KG,Macro Organic Gourmet Salad Mix 100g,Add to cart,Save to list
$7.00,$18.67 / 1KG,Woolworths White Flat Mushrooms Punnet 375g,Add to cart,Save to list
$3.20,$6.40 / 10G,Woolworths Curry Leaf Fresh Herb 5g Punnet,Add to cart,Save to list
$3.00,$15.00 / 1KG,Woolworths Organic Salad Coleslaw 200g,Add to cart,Save to list
$3.50,$35.00 / 1KG,Aussie Sprouts Pea Shoots 100g Pack,Add to cart,Save to list
$6.90,$13.80 / 1KG,Macro Organic Sweet Potato 500g,Add to cart,Save to list
EST. RESTOCK 10/04/25,Woolworths Little Gem Lettuce Combo 2 Pack,View similar,products,             to Woolworths Little Gem Lettuce Combo 2 Pack,Save to list
$3.90,$7.80 / 1KG,Macro Organic Beetroot Punnet 500g,Add to cart,Save to list
$6.90,$6.90 / 1EA,Melon Orange Candy Each,Add to cart,Save to list
$3.90,$97.50 / 1KG,Woolworths Birdseye Chilli Hot 40g,Add to cart,Save to list
$2.90,$2.90 / 1EA,Woolworths Broccoli Chinese Bunch,Add to cart,Save to list
$6.00,$33.33 / 1KG,Woolworths Organic Mushroom Cup 180g,Add to cart,Save to list
OUT OF STOCK,Macro Organic Kale Each,View similar,products,             to Macro Organic Kale Each,Save to list
$4.00,$0.50 / 10G,Gourmet Garden Paste Coriander 80g,Add to cart,Save to list
EST. RESTOCK 07/04/25,Macro Organic Snow Peas 125g Pack,View similar,products,             to Macro Organic Snow Peas 125g Pack,Save to list
$9.50,$42.22 / 1KG,Golden Palm Medjool Dates Roll With Coconut Punnet 225g,Add to cart,Save to list
$2.00,$13.33 / 1KG,Woolworths Washed & Ready To Cook Cauliflower Florets 150g,Add to cart,Save to list
$5.90,$5.90 / 1EA,Rhubarb Fresh Bunch,Add to cart,Save to list
$4.00,$23.53 / 1KG,Woolworths Gourmet Baby Kale Leaf Mix 170g,Add to cart,Save to list
$3.50,$4.67 / 1KG,Fresh Beurre Bosc Pear 750g Punnet,Add to cart,Save to list
IN-STORE ONLY,Macro Fresh Plum Organic 500g Punnet,Add to cart,Save to list
$5.90,$5.90 / 1EA,Macro Organic Broccolini Organic Each,Add to cart,Save to list
$4.50,$4.50 / 1EA,Macro Fresh Cabbage Organic Green Half Each,Add to cart,Save to list
$5.90,$5.90 / 1EA,Macro Fresh Cauliflower Half Organic Each,Add to cart,Save to list
$5.90,$11.80 / 1KG,Spanish Onion Red Organic 500g,Add to cart,Save to list
$6.80,$6.80 / 1EA,Cabbage Red Whole Each,Add to cart,Save to list
$7.10,$7.10 / 1KG,The Odd Bunch Mandarin Prepacked 1kg,Add to cart,Save to list
$5.90,$23.60 / 1KG,Woolworths Asian Salad Kit Tub 250g,Add to cart,Save to list
OUT OF STOCK,Corn Sweet Polka Dot 500g Punnet,View similar,products,             to Corn Sweet Polka Dot 500g Punnet,Save to list
$6.00,$24.00 / 1KG,Woolworths Yellow Squash 250g Punnet,Add to cart,Save to list
$4.00,$0.50 / 10G,Gourmet Garden Paste Chilli Mild 80g,Add to cart,Save to list
$7.00,$1.47 / 100G,Woolworths Roasted Garlic Mash 475g,4.3,/,718,Add to cart,Save to list
IN-STORE ONLY,Woolworths Mushrooms Oyster 150g Punnet,View similar,products,             to Woolworths Mushrooms Oyster 150g Punnet,Save to list
$7.50,$21.43 / 1KG,Macro Organic Lebanese Cucumber 350g,Add to cart,Save to list
$6.90,$46.00 / 1KG,Country Fresh Exotic Mushroom Stir Fry Mix 150g,Add to cart,Save to list
OUT OF STOCK,Envy Apple 1kg Punnet,View similar,products,             to Envy Apple 1kg Punnet,Save to list
$3.90,$48.75 / 1KG,Woolworths Jalapeno Chilli (Medium) 80g Punnet,Add to cart,Save to list
$6.75,$9.00 / 1KG,Woolworths Carrot Broccoli & Cauliflower Mix 750g,Add to cart,Save to list
EST. RESTOCK 09/04/25,Persimmon Fresh Each,Add to cart,Save to list
$6.90,$13.80 / 1KG,Macro Organic Black Grapes 500g,Add to cart,Save to list
$4.05,$4.05 / 1EA,Grape Red Globe Bunch Each,Add to cart,Save to list
$6.50,$16.25 / 1KG,Woolworths Fruit Platter 400g,Add to cart,Save to list
IN-STORE ONLY,Macro Organic Snacking Tomato 200g Punnet,View similar,products,             to Macro Organic Snacking Tomato 200g Punnet,Save to list
OUT OF STOCK,Woolworths Organic Tomato Truss 500g,View similar,products,             to Woolworths Organic Tomato Truss 500g,Save to list
$4.00,$0.50 / 10G,Gourmet Garden Cold Blend Pastes Thai Seasoning 80g,Add to cart,Save to list
$4.00,$0.50 / 10G,Gourmet Garden Cold Blend Pastes Italian Herbs 80g,Add to cart,Save to list
$4.50,$22.50 / 1KG,Woolworths Mixed Fruit Salad With Passionfruit 200g,Add to cart,Save to list
$5.00,$14.29 / 1KG,Woolworths Carrot Corn & Beans 350g,Add to cart,Save to list
$5.00,$25.00 / 1KG,Woolworths Cook Cauliflower Broccoli & Carrot With Herb Butter 200g,Add to cart,Save to list
IN-STORE ONLY,Coco Q Green Drinking Coconut Each,Add to cart,Save to list
IN-STORE ONLY,Woolworths COOK Stir Fry Kit With Honey Soy Sauce Sachet 400g,View similar,products,             to Woolworths COOK Stir Fry Kit With Honey Soy Sauce Sachet 400g,Save to list
$4.50,$11.25 / 1KG,Woolworths Cook Simmer Veggie Mix 400g,Add to cart,Save to list
$2.95,$2.95 / 1EA,Cabbage Sugarloaf Half Each,Add to cart,Save to list
OUT OF STOCK,Macro Organic Sweet Corn 400g,View similar,products,             to Macro Organic Sweet Corn 400g,Save to list
OUT OF STOCK,Pitted Medjool Dates Punnet 340g,View similar,products,             to Pitted Medjool Dates Punnet 340g,Save to list
OUT OF STOCK,Macro Organic Tomato Punnet 500g,Add to cart,Save to list
$5.50,$11.00 / 1KG,Crumbed Parmesan Potatoes 500g,Add to cart,Save to list
OUT OF STOCK,Macro Organic Mini Capsicum Each,View similar,products,             to Macro Organic Mini Capsicum Each,Save to list
$4.50,$22.50 / 1KG,Woolworths Good To Go Fresh Rockmelon 200g,Add to cart,Save to list
$5.90,$11.80 / 1KG,Macro Organic Roma Tomato 500g,Add to cart,Save to list
$5.50,$13.75 / 1KG,Garlic & Rosemary Potatoes 400g,Add to cart,Save to list
IN-STORE ONLY,Woolworths Good To Go Seasonal Fruit Salad 200g,View similar,products,             to Woolworths Good To Go Seasonal Fruit Salad 200g,Save to list
$3.90,$78.00 / 1KG,Woolworths Green Cayenne Chilli (Mild) 50g Punnet,Add to cart,Save to list
$7.90,$19.75 / 1KG,Organic Red Capsicum 400g,Add to cart,Save to list
OUT OF STOCK,Gourmet Garden Mint Lightly Dried 5g,View similar,products,             to Gourmet Garden Mint Lightly Dried 5g,Save to list
$5.50,$5.50 / 1EA,Macro Organic Silverbeet Rainbow Each,Add to cart,Save to list
$5.90,$0.98 / 1EA,Passionfruit 6 Pack,Add to cart,Save to list
$12.00,$1.50 / 100G,Classic Cauliflower Cheese Bake Family Meal 800g,Add to cart,Save to list
OUT OF STOCK,Woolworths COOK Soup Kit Chicken Flavoured Veg 450g,View similar,products,             to Woolworths COOK Soup Kit Chicken Flavoured Veg 450g,Save to list
$4.13,$4.13 / 1EA,Fresh Chokoes Each,Add to cart,Save to list
OUT OF STOCK,Woolworths COOK Super Greens Stir Fry Mix 250g,View similar,products,             to Woolworths COOK Super Greens Stir Fry Mix 250g,Save to list
EST. RESTOCK 09/04/25,Mandarin Amorette® Seedless each,View similar,products,             to Mandarin Amorette® Seedless each,Save to list
$5.90,$5.90 / 1EA,Cabbage Sugarloaf Whole Each,Add to cart,Save to list
$10.50,$10.50 / 1EA,Pumpkin Jarrahdale Whole Each,Add to cart,Save to list
$10.00,$16.67 / 1KG,Just Cook Onion Rings 600g,Add to cart,Save to list
$9.50,$19.00 / 1KG,Prime Organics Queen Garnet Plum 500G,Add to cart,Save to list
$5.00,$10.00 / 1KG,Woolworths Peanuts Boiled 500g Pack,Add to cart,Save to list
OUT OF STOCK,Nectarine White Flat Per kg,Add to cart,Save to list
$7.50,$10.00 / 1KG,Woolworths Washed & Ready To Cook Mixed Rainbow Vegetables 750g,Add to cart,Save to list
OUT OF STOCK,Envy Apple Each,View similar,products,             to Envy Apple Each,Save to list
OUT OF STOCK,Natural Delights Mini Medjools Sweet & Salty Almond 227g,View similar,products,             to Natural Delights Mini Medjools Sweet & Salty Almond 227g,Save to list
EST. RESTOCK 09/04/25,Macro Organic Green Capsicum 400g,View similar,products,             to Macro Organic Green Capsicum 400g,Save to list
OUT OF STOCK,Natural Delights Mini Medjools Cacao Pecan 227g,Add to cart,Save to list
$3.90,$15.60 / 1KG,Woolworths Organic Limes 250g,Add to cart,Save to list
OUT OF STOCK,Artichoke Globe Large Each,Add to cart,Save to list
OUT OF STOCK,Zespri SunGold Kiwifruit Each,View similar,products,             to Zespri SunGold Kiwifruit Each,Save to list
OUT OF STOCK,Perfection Fruit Duo Fresh Cut 200g,View similar,products,             to Perfection Fruit Duo Fresh Cut 200g,Save to list
OUT OF STOCK,Bravo Apple Fresh Each,View similar,products,             to Bravo Apple Fresh Each,Save to list
OUT OF STOCK,Woolworths Pomegranate Fresh Each,Add to cart,Save to list
OUT OF STOCK,Melon De Sapo Each,View similar,products,             to Melon De Sapo Each,Save to list
OUT OF STOCK,Melonball Each,View similar,products,             to Melonball Each,Save to list
OUT OF STOCK,Plum Yellow King Midas Each,Add to cart,Save to list
$8.50,$8.50 / 1KG,Southern Bliss Apples Big Juicy Crisp Apples Box 1Kg,Add to cart,Save to list
OUT OF STOCK,Woolworths Mango Palmer each,Add to cart,Save to list
OUT OF STOCK,Dragonfruit White Each,Add to cart,Save to list
OUT OF STOCK,Organic Coloured Cauliflower each,Add to cart,Save to list
OUT OF STOCK,Pomlife Pomegranate Arils Punnet 75g,Add to cart,Save to list
OUT OF STOCK,Sungold Kiwifruit Punnet 500g,View similar,products,             to Sungold Kiwifruit Punnet 500g,Save to list
OUT OF STOCK,The Odd Bunch Apple Prepacked 2kg,View similar,products,             to The Odd Bunch Apple Prepacked 2kg,Save to list
OUT OF STOCK,Zespri Kiwi Fruit Gold 8 Pack,Add to cart,Save to list
OUT OF STOCK,Fioretto Cauli Blossom 150g,Add to cart,Save to list
OUT OF STOCK,Montague Sparkling Apple Juice 300ml x4 Pack,Add to cart,Save to list
OUT OF STOCK,Sweet Nectar Grapes 400g,Add to cart,Save to list
OUT OF STOCK,Woolworths,Add to cart,Save to list
OUT OF STOCK,Woolworths Achacha Fruit Loose Each,Add to cart,Save to list
OUT OF STOCK,Woolworths Fresh Mango 4 Pack,Add to cart,Save to list
OUT OF STOCK,Woolworths Fresh Mini Asparagus Each,Add to cart,Save to list
OUT OF STOCK,Woolworths Passionfruit Fresh 10 Pack,Add to cart,Save to list
$0.86,$0.86 / 1EA,Cavendish Bananas Each,Add to cart,Save to list
$0.94,$0.94 / 1EA,Fresh Tomato Each,Add to cart,Save to list
$1.03,$1.03 / 1EA,Fresh Pink Lady Apples Each,Add to cart,Save to list
$2.30,$2.30 / 1EA,Avocado Shepard Each,Add to cart,Save to list
$0.85,$0.85 / 1EA,Potato White Washed Each,Add to cart,Save to list
$0.59,$0.59 / 1EA,Onion Brown Each,Add to cart,Save to list
$0.88,$0.88 / 1EA,Apple Royal Gala Each,Add to cart,Save to list
$1.42,$1.42 / 1EA,Lebanese Cucumbers Each,Add to cart,Save to list
$2.23,$2.23 / 1EA,Red Capsicum Each,Add to cart,Save to list
$1.82,$1.82 / 1EA,Fresh Broccoli Each,Add to cart,Save to list
$4.90,$19.60 / 1KG,Strawberries 250g Punnet,Add to cart,Save to list
$0.35,$0.35 / 1EA,Carrot Fresh Each,Add to cart,Save to list
$1.56,$1.56 / 1EA,Sweet Potato Gold Each,Add to cart,Save to list
$0.78,$0.78 / 1EA,Green Zucchini Each,Add to cart,Save to list
$0.79,$0.79 / 1EA,Fresh Granny Smith Apples Each,Add to cart,Save to list
$1.19,$1.19 / 1EA,Truss Tomatoes Each,Add to cart,Save to list
$0.86,$0.86 / 1EA,Onion Red Each,Add to cart,Save to list
$3.00,$12.00 / 1KG,Woolworths Cherry Tomatoes Punnet 250g,Add to cart,Save to list
$2.90,$2.90 / 1EA,Woolworths Continental Cucumbers Each,Add to cart,Save to list
$3.60,$3.60 / 1EA,White Seedless Grapes Bag Approx. 900g each,Add to cart,Save to list
$6.50,$52.00 / 1KG,Blueberries Punnet 125g,Add to cart,Save to list
$4.50,$4.50 / 1EA,Iceberg Lettuce Each,Add to cart,Save to list
$2.14,$2.14 / 1EA,Orange Navel Each,Add to cart,Save to list
$0.47,$0.47 / 1EA,Plum Black Each,Add to cart,Save to list
$2.40,$2.40 / 1KG,Woolworths Australian Grown Carrots 1Kg,Add to cart,Save to list
$1.38,$1.38 / 1EA,Lemon Fresh Each,Add to cart,Save to list
$3.50,$14.00 / 1KG,Woolworths Qukes Baby Cucumbers Punnet 250g,Add to cart,Save to list
$0.70,$0.70 / 1EA,Fresh William Bartlett Pear Each,Add to cart,Save to list
LOWER AUTUMN PRICE,$2.50,$20.83 / 1KG,WAS $3 - 25/02/2025,Woolworths Baby Leaf Spinach 120g,Add to cart,Save to list
$2.30,$2.30 / 1EA,Woolworths Broccolini Bunch Each,Add to cart,Save to list
$4.50,$36.00 / 1KG,Raspberries Punnet 125g,Add to cart,Save to list
$3.60,$3.60 / 1KG,Woolworths Onion Brown Bag 1kg,Add to cart,Save to list
$2.80,$2.80 / 1EA,Spring Onion Eschallot Bunch,Add to cart,Save to list
$3.20,$1.60 / 1EA,Woolworths Cos Hearts Lettuce 2 Pack,Add to cart,Save to list
SAVE $1.00,$11.50,$12.50 - $11.50 / 1KG,Mushrooms Cups Loose Per Kg,Add to cart,Save to list
$1.88,$1.88 / 1EA,Garlic Head Each,Add to cart,Save to list
$1.20,$1.20 / 1EA,Corn Sweet Each,Add to cart,Save to list
$2.23,$2.23 / 1EA,Capsicum Green Each,Add to cart,Save to list
$7.70,$7.70 / 1EA,Woolworths Red Watermelon Cut Quarter Each,Add to cart,Save to list
$0.95,$0.95 / 1EA,Kiwi Fruit Green Each,Add to cart,Save to list
EVERYDAY LOW PRICE,$2.00,$10.00 / 1KG,Woolworths Lettuce Iceberg Shredded Lettuce 200g,Add to cart,Save to list
$5.50,$2.75 / 1KG,Woolworths Washed Potatoes Bag 2kg,Add to cart,Save to list
$0.85,$0.85 / 1EA,Potato Red Washed Each,Add to cart,Save to list
$5.90,$5.90 / 1KG,Woolworths Fresh Pink Lady Apples Punnet 1kg,Add to cart,Save to list
$1.25,$1.25 / 1EA,Lime Fresh Each,Add to cart,Save to list
$3.50,$3.50 / 1EA,Bananas Kids 5 Pack,Add to cart,Save to list
$0.47,$0.47 / 1EA,Plum Red Each,Add to cart,Save to list
$2.30,$2.30 / 1EA,The Odd Bunch Continental Cucumber Each,Add to cart,Save to list
$2.40,$2.40 / 1KG,Woolworths Australian Grown Carrots 1Kg,Add to cart,Save to list
$3.20,$3.20 / 1EA,Woolworths Fresh Herb Coriander Bunch,Add to cart,Save to list
$6.90,$1.38 / 1EA,Avocado Fresh 5 Pack,Add to cart,Save to list
$0.59,$0.59 / 1EA,Orange Valencia Each,Add to cart,Save to list
$2.45,$2.45 / 1EA,Woolworths Butternut Pumpkin Cut Each,Add to cart,Save to list
$0.98,$0.98 / 1EA,Potato Brushed Each,Add to cart,Save to list
$4.00,$4.00 / 1EA,Celery Fresh Bunch,Add to cart,Save to list
$4.50,$4.50 / 1EA,Red Seedless Grapes Bag Approx. 900g each,Add to cart,Save to list
IN-STORE ONLY,Woolworths Baby Spinach Spinach 280g,View similar,products,             to Woolworths Baby Spinach Spinach 280g,Save to list
$1.17,$1.17 / 1EA,Macro Organic Banana Each,Add to cart,Save to list
$2.40,$1.60 / 1KG,The Odd Bunch Carrots 1.5kg,Add to cart,Save to list
$4.50,$4.50 / 1KG,Woolworths White Washed Baby Potatoes Bag 1kg,Add to cart,Save to list
$0.65,$0.65 / 1EA,Onion Shallot French Each,Add to cart,Save to list
IN-STORE ONLY,Ginger Fresh Per Kg,View similar,products,             to Ginger Fresh Per Kg,Save to list
$1.21,$1.21 / 1EA,Jazz Apple Each,Add to cart,Save to list
$4.00,$20.00 / 1KG,Woolworths White Cup Sliced Mushroom Punnet 200g,Add to cart,Save to list
$5.50,$44.00 / 1KG,Blackberries Punnet 125g,Add to cart,Save to list
$2.45,$2.45 / 1EA,Fresh Cauliflower Half Each,Add to cart,Save to list
$0.86,$0.86 / 1EA,Kanzi Apple Each,Add to cart,Save to list
$3.50,$14.00 / 1KG,Mini-Roma Tomato 250g Punnet,Add to cart,Save to list
$5.50,$5.50 / 1KG,Woolworths Royal Gala Apple 1kg Punnet,Add to cart,Save to list
$3.20,$3.20 / 1EA,Woolworths Fresh Continental Parsley Bunch,Add to cart,Save to list
$4.90,$4.90 / 1EA,Fresh Whole Cauliflower Each,Add to cart,Save to list
$3.60,$3.60 / 1KG,The Odd Bunch Apples Prepacked Punnet 1kg,Add to cart,Save to list
$1.11,$1.11 / 1EA,Mandarin Afourer Each,Add to cart,Save to list
$0.60,$0.60 / 1EA,Woolworths Red Cayenne Chilli (Medium) Each,Add to cart,Save to list
$6.00,$4.00 / 1KG,Spud Lite Prepack Potato 1.5kg,Add to cart,Save to list
$4.50,$4.50 / 1KG,Woolworths Fresh Granny Smith Apples Punnet 1kg,Add to cart,Save to list
$5.90,$11.80 / 1KG,The Odd Bunch Strawberries Punnet 500g,Add to cart,Save to list
$1.80,$3.60 / 1KG,Woolworths Baby Carrots 500g,Add to cart,Save to list
$2.90,$2.90 / 1EA,Leek Fresh Each,Add to cart,Save to list
$3.00,$3.00 / 1KG,Woolworths Red Onions 1kg Bag,Add to cart,Save to list
$2.30,$3.07 / 1KG,The Odd Bunch Zucchini Prepacked 750g,Add to cart,Save to list
$3.20,$3.20 / 1EA,Woolworths Green Basil Bunch,Add to cart,Save to list
OUT OF STOCK,Woolworths Baby Spinach 60g,View similar,products,             to Woolworths Baby Spinach 60g,Save to list
$7.00,$14.00 / 1KG,Woolworths Mushroom Sliced 500g,Add to cart,Save to list
$4.50,$15.00 / 1KG,Woolworths Celery Sticks 300g Punnet,Add to cart,Save to list
LOWER AUTUMN PRICE,$2.50,$20.83 / 1KG,WAS $3.30 - 25/02/2025,Woolworths Baby Leaf Rocket 120g,Add to cart,Save to list
$3.00,$15.00 / 1KG,Woolworths Leafy Mix Salad 200g,Add to cart,Save to list
$0.14,$0.14 / 1EA,Woolworths Bird's Eye Chilli Hot Each,Add to cart,Save to list
$3.50,$0.70 / 1EA,Woolworths Fresh Food Kids Mini Apples 5 Pack,Add to cart,Save to list
$2.85,$2.85 / 1EA,Eggplant Fresh Each,Add to cart,Save to list
$2.80,$2.80 / 1KG,The Odd Bunch Pear Prepacked 1kg,Add to cart,Save to list
$8.90,$2.97 / 1KG,Orange Valencia 3kg Bag,Add to cart,Save to list
$6.50,$3.25 / 1KG,Woolworths Brushed Potatoes Bag 2kg,Add to cart,Save to list
$7.90,$3.95 / 1KG,Woolworths Red Washed Potatoes Bag 2kg,Add to cart,Save to list
$1.06,$1.06 / 1EA,Banana Red Tipped Each,Add to cart,Save to list
$3.60,$3.60 / 1KG,The Odd Bunch Apples Prepacked Punnet 1kg,Add to cart,Save to list
$5.50,$11.00 / 1KG,Woolworths Tomato Truss 500g Punnet,Add to cart,Save to list
$7.00,$14.00 / 1KG,Woolworths Mushrooms Cups 500g Punnet,Add to cart,Save to list
$3.90,$3.90 / 1EA,Woolworths Green Asparagus Bunch Each,Add to cart,Save to list
$1.12,$1.12 / 1EA,Banana Lady Finger Each,Add to cart,Save to list
$3.00,$10.00 / 1KG,Woolworths Finely Shredded Coleslaw 300g,Add to cart,Save to list
$8.50,$8.50 / 1KG,Woolworths Gourmet Tomatoes Punnet 1kg,Add to cart,Save to list
$6.50,$6.50 / 1KG,The Odd Bunch Avocado Prepacked 1kg,Add to cart,Save to list
$4.00,$20.00 / 1KG,Woolworths Mushrooms Cups 200g Punnet,Add to cart,Save to list
$2.95,$2.95 / 1EA,Fresh Rockmelon Half Each,Add to cart,Save to list
EST. RESTOCK 06/04/25,Capsicum Yellow Each,View similar,products,             to Capsicum Yellow Each,Save to list
$1.16,$1.16 / 1EA,Mandarin Tangold Seedless Each,Add to cart,Save to list
$4.90,$4.90 / 1KG,Woolworths Gold Sweet Potatoes Bag 1kg,Add to cart,Save to list
$5.50,$11.00 / 1KG,Woolworths Tomato Truss 500g Punnet,Add to cart,Save to list
$7.00,$14.00 / 1KG,Woolworths Mushrooms Cups 500g Punnet,Add to cart,Save to list
$3.90,$3.90 / 1EA,Woolworths Green Asparagus Bunch Each,Add to cart,Save to list
$1.04,$1.04 / 1EA,Fresh Beurre Bosc Pear Each,Add to cart,Save to list
$3.50,$14.00 / 1KG,Woolworths Snackable Snacking Carrot Each,Add to cart,Save to list
$1.70,$1.70 / 1EA,Woolworths Green Cabbage Quarter each,Add to cart,Save to list
$3.20,$3.20 / 1EA,Woolworths Lettuce Oakleaf Green Each,Add to cart,Save to list
$4.90,$2.45 / 1KG,Woolworths Brown Onions Bag 2kg,Add to cart,Save to list
$3.20,$3.20 / 1EA,Woolworths Fresh Mint Bunch,Add to cart,Save to list
$3.50,$17.50 / 1KG,Woolworths Sweet Solanato Tomato Punnet Punnet 200g,Add to cart,Save to list
$5.50,$18.97 / 1KG,Woolworths Caesar Salad Kit 290g,Add to cart,Save to list
$3.50,$4.67 / 1KG,Zerella Fresh Zerella Fresh Spudlite Baby Potato Pack Bag 750g,Add to cart,Save to list
$3.50,$1.17 / 1EA,Woolworths Garlic 3 Pack,Add to cart,Save to list
$3.40,$3.40 / 1EA,Woolworths Green Cabbage Half Each,Add to cart,Save to list
$5.23,$5.23 / 1EA,Black Seedless Grapes Bag Approx. 950g each,Add to cart,Save to list
$1.12,$1.12 / 1EA,Banana Lady Finger Each,Add to cart,Save to list
$3.50,$3.50 / 1KG,Fresh William Bartlett Pear 1kg Punnet,Add to cart,Save to list
$2.90,$2.90 / 1EA,Buk Choy Asian Greens Each,Add to cart,Save to list
EST. RESTOCK 06/04/25,Woolworths Lettuce Butter 170g,View similar,products,             to Woolworths Lettuce Butter 170g,Save to list
$1.50,$1.50 / 1EA,Passionfruit Fresh Each,Add to cart,Save to list
$5.50,$12.94 / 1KG,Woolworths Corn Cobbettes 425g,Add to cart,Save to list
$3.00,$10.00 / 1KG,Woolworths Lettuce Iceberg Blend Lettuce Blend 300g,Add to cart,Save to list
$7.00,$1.75 / 1KG,Woolworths Brushed Potatoes Bag 4kg,Add to cart,Save to list
$5.90,$12.29 / 1KG,Select Gourmet Tomatoes 480g Punnet,Add to cart,Save to list
$5.90,$39.33 / 1KG,Woolworths Chicken Caesar Salad Bowl 180g,Add to cart,Save to list
$2.90,$5.80 / 1KG,Woolworths Potato Mini Microwavable White Bag 500g,Add to cart,Save to list
$5.00,$16.67 / 1KG,Woolworths Baby Leaf Mix With Carrot 300g,Add to cart,Save to list
$5.90,$12.29 / 1KG,Woolworths Roma Tomato 480g Punnet,Add to cart,Save to list
$3.20,$3.20 / 1EA,Woolworths Lettuce Baby Cos Each,Add to cart,Save to list
$1.70,$1.70 / 1EA,Cabbage Red Quarter Each,Add to cart,Save to list
$3.50,$0.70 / 1EA,Woolworths Fresh Food Kids Mini Pears 5 Pack,Add to cart,Save to list
$1.01,$1.01 / 1EA,Woolworths Jalapeno Chilli (Medium) Each,Add to cart,Save to list
$5.50,$13.75 / 1KG,Woolworths White Grapes 400g,Add to cart,Save to list
$4.50,$22.50 / 1KG,Woolworths Mushrooms Button 200g Punnet,Add to cart,Save to list
$4.30,$28.67 / 1KG,Woolworths Sugar Snap Peas 150g Bag,Add to cart,Save to list
IN-STORE ONLY,Strawberries 450g Punnet,View similar,products,             to Strawberries 450g Punnet,Save to list
$6.30,$6.30 / 1EA,Pumpkin Butternut Whole Each,Add to cart,Save to list
$3.20,$3.20 / 10G,Woolworths Thyme Fresh Herb 10g Punnet,Add to cart,Save to list
$3.20,$3.20 / 10G,Woolworths Chives Fresh Herb 10g Punnet,Add to cart,Save to list
SAVE $0.30,$3.00,$3.30 - $10.00 / 1KG,Just Veg. Carrot Sticks 300g,Add to cart,Save to list
OUT OF STOCK,Tomberry Tomatoes 125g,View similar,products,             to Tomberry Tomatoes 125g,Save to list
$0.96,$0.96 / 1EA,Apple Red Delicious Each,Add to cart,Save to list
$2.75,$2.75 / 1EA,Naturally Sweet Pineapple Half Each,Add to cart,Save to list
$0.86,$0.86 / 1EA,Mi Apple Loose Each,Add to cart,Save to list
$4.40,$5.87 / 1KG,Macro Organic Carrots 750g,Add to cart,Save to list
$12.50,$27.78 / 1KG,Medjool Dates Punnet 450g,Add to cart,Save to list
$3.90,$9.75 / 1KG,Woolworths Beanette Pre Pack 400g Punnet,Add to cart,Save to list
$5.50,$20.37 / 1KG,Woolworths Greek Salad Kit 270g,Add to cart,Save to list
$2.70,$9.00 / 1KG,Woolworths Sweet Potato Mini Gold Prepacked 300g,Add to cart,Save to list
$3.20,$2.13 / 10G,Woolworths Green Basil Fresh Herb 15g Punnet,Add to cart,Save to list
$5.90,$18.44 / 1KG,Perfection Mix-a-Mato Mini Tomatoes 320g,Add to cart,Save to list
IN-STORE ONLY,Mushroom Portobello Flat Large MIN. 200G,View similar,products,             to Mushroom Portobello Flat Large MIN. 200G,Save to list
$5.90,$14.75 / 1KG,Cotton Candy Grapes 400g,Add to cart,Save to list
$1.29,$1.29 / 1EA,Grapefruit Red Flesh Each,Add to cart,Save to list
$5.50,$3.67 / 1KG,Woolworths Lower Carb Potatoes 1.5kg,Add to cart,Save to list
$4.50,$4.50 / 1EA,Woolworths Little Gem Lettuce Green 2 Pack,Add to cart,Save to list
$3.20,$3.20 / 10G,Woolworths Rosemary Fresh Herb 10g Punnet,Add to cart,Save to list
$5.50,$10.58 / 1KG,Woolworths Crunchy Noodle Coleslaw Kit Coleslaw Kit 520g,Add to cart,Save to list
$7.80,$7.80 / 1KG,Macro Organic Royal Gala Apple Punnet 1kg,Add to cart,Save to list
$1.50,$1.50 / 1EA,Passionfruit Panama Each,Add to cart,Save to list
$5.00,$10.00 / 1KG,Woolworths Diced Pumpkin & Sweet Potato 500g,Add to cart,Save to list
$5.50,$15.71 / 1KG,Woolworths Kaleslaw Kit 350g,Add to cart,Save to list
$5.50,$3.44 / 100G,Avofresh Classic Avocado Guacamole 160g,Add to cart,Save to list
$5.90,$24.58 / 1KG,Woolworths Green Goodness Salad Bowl 240g,Add to cart,Save to list
OUT OF STOCK,Woolworths Sweet Baby Vine Capsicum 175g,View similar,products,             to Woolworths Sweet Baby Vine Capsicum 175g,Save to list
$11.00,$11.00 / 1KG,Woolworths Brussels Sprouts PER KG,Add to cart,Save to list
$2.90,$2.90 / 1EA,Woolworths Baby Buk Choy Asian Greens Each,Add to cart,Save to list
$3.00,$12.00 / 1KG,Woolworths Whole Fresh Beetroot 250g,Add to cart,Save to list
$2.00,$13.33 / 1KG,Woolworths Washed & Ready To Cook Broccoli Florets 150g,Add to cart,Save to list
$4.50,$15.00 / 1KG,Woolworths Baby Brussels Sprouts 300g Punnet,Add to cart,Save to list
$4.50,$10.00 / 1KG,Woolworths American Style Slaw Kit 450g,Add to cart,Save to list
$5.50,$13.75 / 1KG,Woolworths Red Grapes 400g,Add to cart,Save to list
OUT OF STOCK,Sweet Delight Tomatoes 200g,View similar,products,             to Sweet Delight Tomatoes 200g,Save to list
$5.50,$27.50 / 1KG,Woolworths Mushrooms Swiss Brown Sliced 200g Punnet,Add to cart,Save to list
$5.50,$5.50 / 1KG,Macro Dutch Cream Organic Potato 1kg Punnet,Add to cart,Save to list
$3.50,$3.50 / 1EA,Fresh Fennel Each,Add to cart,Save to list
$4.90,$24.50 / 1KG,Macro Organic Round Beans 200g,Add to cart,Save to list
$4.50,$9.00 / 1KG,Woolworths Classic Coleslaw Kit 500g,Add to cart,Save to list
$4.70,$4.70 / 1EA,Silverbeet Fresh Bunch Each,Add to cart,Save to list
$4.90,$4.90 / 1EA,Pomegranate Each,Add to cart,Save to list
$5.80,$11.60 / 1KG,McCain Pub Style Onion Rings 500g,Add to cart,Save to list
$6.50,$43.33 / 1KG,Macro Organic Ginger Punnet 150g,Add to cart,Save to list
$4.00,$0.50 / 10G,Gourmet Garden Paste Ginger 80g,Add to cart,Save to list
$5.50,$3.44 / 100G,Avofresh Smashed Avocado 160g,Add to cart,Save to list
$5.90,$29.50 / 1KG,Woolworths Beetroot & Feta Salad Bowl 200g,Add to cart,Save to list
OUT OF STOCK,Perfection Romatherapy Baby Roma Tomato 250g Punnet,View similar,products,             to Perfection Romatherapy Baby Roma Tomato 250g Punnet,Save to list
$4.90,$4.90 / 1KG,Mi Apple Punnet 1Kg,Add to cart,Save to list
OUT OF STOCK,Woolworths Baby Spinach & Kale 300g,View similar,products,             to Woolworths Baby Spinach & Kale 300g,Save to list
$5.50,$3.44 / 100G,Avofresh Avocado Hint Of Lemon Tube 160g,Add to cart,Save to list
$7.50,$15.00 / 1KG,Woolworths Caesar Salad Kit Entertainer Pack 500g,Add to cart,Save to list
$3.50,$3.50 / 1EA,Pumpkin Jarrahdale Grey Cut Each,Add to cart,Save to list
$3.95,$3.95 / 1EA,Cabbage Chinese Wombok Half Each,Add to cart,Save to list
$4.90,$24.50 / 1KG,Macro Organic Solanato Tomatoes 200g,Add to cart,Save to list
$1.95,$1.95 / 1EA,Macro Pumpkin Kent Cut Organic Each,Add to cart,Save to list
$2.50,$20.00 / 1KG,Aussie Sprouts Alfalfa Sprouts 125g Punnet,Add to cart,Save to list
$3.20,$1.07 / 10G,Woolworths Lemongrass Fresh Herb 30g Punnet,Add to cart,Save to list
IN-STORE ONLY,Swedes Fresh Each,Add to cart,Save to list
$5.90,$23.60 / 1KG,Woolworths Caesar Salad Kit Tub 250g,Add to cart,Save to list
$1.18,$1.18 / 1EA,Fresh Corella Pear Each,Add to cart,Save to list
$5.90,$14.75 / 1KG,Candy Hearts Grapes 400g,Add to cart,Save to list
$4.00,$4.00 / 10G,Gourmet Garden Basil Lightly Dried 10g Sachet,Add to cart,Save to list
$3.45,$3.45 / 1EA,Honeydew Large Half Each,Add to cart,Save to list
$4.90,$16.33 / 1KG,Perfection Kumato Tomato Punnet 300g,Add to cart,Save to list
IN-STORE ONLY,Strawberry Organic 250g Punnet,View similar,products,             to Strawberry Organic 250g Punnet,Save to list
$3.00,$10.00 / 1KG,Woolworths Rainbow Coleslaw 300g,Add to cart,Save to list
IN-STORE ONLY,Macro Organic Herb Coriander Bunch Each,View similar,products,             to Macro Organic Herb Coriander Bunch Each,Save to list
$4.00,$0.50 / 10G,Gourmet Garden Cold Blend Pastes Lemongrass 80g,Add to cart,Save to list
$2.90,$2.90 / 1EA,Woolworths Choy Sum Asian Greens Each,Add to cart,Save to list
$5.50,$5.50 / 1EA,Papaya Red Whole Each,Add to cart,Save to list
$4.00,$5.00 / 10G,Gourmet Garden Coriander Lightly Dried 8g Sachet,Add to cart,Save to list
$6.50,$24.07 / 1KG,Woolworths Beetroot & Feta Salad Kit 270g,Add to cart,Save to list
IN-STORE ONLY,Macro White Organic Grapes 500g,View similar,products,             to Macro White Organic Grapes 500g,Save to list
$6.90,$6.90 / 1EA,Honeydew Fresh Whole Each,Add to cart,Save to list
IN-STORE ONLY,Kimaye Fresh Pomegranate Arils Punnet 75g,Add to cart,Save to list
$5.50,$15.71 / 1KG,Woolworths Cranberry & Kaleslaw Kit 350g,Add to cart,Save to list
$5.00,$12.50 / 1KG,Woolworths Cook Stir-Fry Traditional Vegetables 400g,Add to cart,Save to list
$3.20,$2.13 / 10G,Woolworths Thai Basil Fresh Herbs 15g Punnet,Add to cart,Save to list
$2.90,$41.43 / 1KG,Woolworths Garlic Cloves 70g,Add to cart,Save to list
OUT OF STOCK,Woolworths Baby Spinach & Rocket 60g,View similar,products,             to Woolworths Baby Spinach & Rocket 60g,Save to list
$5.50,$23.91 / 1KG,Woolworths Asian Salad Bowl 230g,Add to cart,Save to list
OUT OF STOCK,Kiwiberry Punnet 125g,Add to cart,Save to list
$2.00,$13.33 / 1KG,Woolworths Washed & Ready To Cook Broccoli & Cauliflower Florets 150g,Add to cart,Save to list
$6.80,$6.80 / 1KG,The Odd Bunch Tomato Prepacked 1kg,Add to cart,Save to list
$6.50,$13.00 / 1KG,Macro Organic Green Zucchini Punnet 500g,Add to cart,Save to list
$5.50,$17.46 / 1KG,Woolworths Thai Salad Kit 315g,Add to cart,Save to list
$1.06,$1.06 / 1EA,Fresh Papple Each,Add to cart,Save to list
$4.00,$0.50 / 10G,Gourmet Garden Cold Blend Pastes Garlic 80g,Add to cart,Save to list
OUT OF STOCK,Woolworths Brussel Sprouts Prepack 500g Punnet,View similar,products,             to Woolworths Brussel Sprouts Prepack 500g Punnet,Save to list
$7.00,$4.67 / 1KG,Georgina Premium White Wash Potatoes Bag 1.5kg,Add to cart,Save to list
$4.90,$4.90 / 1KG,Kanzi Apple 1kg Punnet,Add to cart,Save to list
$3.20,$3.20 / 10G,Woolworths Kaffir Lime Leaf Fresh Herb 10g Punnet,Add to cart,Save to list
$1.40,$1.40 / 1EA,Turnip Fresh Each,Add to cart,Save to list
IN-STORE ONLY,Leek Twin Pack 2 Pack,View similar,products,             to Leek Twin Pack 2 Pack,Save to list
$5.50,$18.33 / 1KG,Fresh Figs 300g Punnet,Add to cart,Save to list
$5.90,$5.90 / 1KG,Macro Mini Organic Apple 1kg,Add to cart,Save to list
$6.80,$13.60 / 1KG,Macro Red Grapes Organic 500g,Add to cart,Save to list
$5.50,$11.00 / 1KG,Woolworths Roast Mixed Vegetables With Garlic & Rosemary 500G,Add to cart,Save to list
$5.18,$5.18 / 1EA,Macro Organic Sweet Potato Each,Add to cart,Save to list
$3.20,$3.20 / 10G,Woolworths Sage Fresh Herb 10g Punnet,Add to cart,Save to list
$3.80,$38.00 / 1KG,Macro Certified Organic Salad Mix 100g,Add to cart,Save to list
$3.00,$0.21 / 10G,Galiko All Natural Garlic Minced Jar 145g,Add to cart,Save to list
$7.50,$37.50 / 1KG,Macro Organic Dates Punnet 200g,Add to cart,Save to list
$5.00,$12.50 / 1KG,Woolworths Cook Potato Baby Herb & Butter 400g,Add to cart,Save to list
$4.50,$11.25 / 1KG,Woolworths Four Seasons Coleslaw 400g,Add to cart,Save to list
OUT OF STOCK,Macro Fresh Celery Heart Organic Each,View similar,products,             to Macro Fresh Celery Heart Organic Each,Save to list
$3.50,$0.70 / 1EA,Woolworths Kiwifruit Green Kids 5 Pack,Add to cart,Save to list
$8.70,$17.40 / 1KG,Macro Organic Broccoli 500g,Add to cart,Save to list
$2.00,$13.33 / 1KG,Just Veg. Carrot Sticks 150g,Add to cart,Save to list
$4.90,$4.90 / 1EA,Macro Onion Spring Organic Each,Add to cart,Save to list
OUT OF STOCK,Woolworths Honey Mustard Salad Kit 285g,View similar,products,             to Woolworths Honey Mustard Salad Kit 285g,Save to list
$5.90,$24.58 / 1KG,Woolworths Cobb Salad Bowl 240g,Add to cart,Save to list
$3.90,$3.90 / 1EA,Organic Pumpkin Butternut Each,Add to cart,Save to list
$3.00,$0.21 / 10G,Galiko All Natural Ginger Minced Jar 145g,Add to cart,Save to list
$5.50,$13.75 / 1KG,Woolworths Korean Style Salad Kit 400g,Add to cart,Save to list
$5.00,$0.43 / 10G,Gourmet Garden Cold Blend Pastes Ginger Value 115g,Add to cart,Save to list
$4.50,$22.50 / 1KG,Woolworths Fresh Pineapple 200G,Add to cart,Save to list
$5.00,$10.00 / 1KG,Woolworths Whole Fresh Beetroot 500g,Add to cart,Save to list
IN-STORE ONLY,Macro Organic Herb Parsley Bunch Each,View similar,products,             to Macro Organic Herb Parsley Bunch Each,Save to list
$2.75,$2.75 / 1EA,Papaya Red Cut Half Each,Add to cart,Save to list
$5.50,$13.75 / 1KG,Woolworths Mexican Style Salad Kit 400g,Add to cart,Save to list
$5.50,$3.44 / 100G,Avofresh Avocado Lime & Black Pepper Tube 160G,Add to cart,Save to list
$4.90,$19.60 / 1KG,Macro Organic Coleslaw & Kale Slaw Kit 250g,Add to cart,Save to list
OUT OF STOCK,Woolworths Cook Stir Fry Mix Rainbow Vegetables 400g,View similar,products,             to Woolworths Cook Stir Fry Mix Rainbow Vegetables 400g,Save to list
$4.50,$10.00 / 1KG,Woolworths Smokey Bbq Slaw Kit 450g,Add to cart,Save to list
$6.90,$69.00 / 1KG,Woolworths Mushrooms Shiitake 100g Punnet,Add to cart,Save to list
EST. RESTOCK 07/04/25,Woolworths Corella Pear 750g,View similar,products,             to Woolworths Corella Pear 750g,Save to list
$4.50,$45.00 / 1KG,Macro Organic Wild Rocket 100g,Add to cart,Save to list
$4.90,$9.80 / 1KG,Zucchini Green Punnet 500g,Add to cart,Save to list
$6.50,$15.29 / 1KG,Macro Organic Corn Cobettes Pre-Pack 425g,Add to cart,Save to list
IN-STORE ONLY,Macro Organic Valencia Oranges 1.5kg Bag,View similar,products,             to Macro Organic Valencia Oranges 1.5kg Bag,Save to list
$3.50,$14.00 / 1KG,Woolworths Cook Stir Fry Vegetable Super Foods 250g,Add to cart,Save to list
$4.00,$10.00 / 10G,Gourmet Garden Lightly Dried Chives 4g,Add to cart,Save to list
$6.80,$1.36 / 1KG,The Odd Bunch Crazy Carrots 5kg,Add to cart,Save to list
$4.90,$19.60 / 1KG,Macro Organic Beetroot 250g,Add to cart,Save to list
$5.00,$12.50 / 1KG,Woolworths Ranch Salad Kit 400g,Add to cart,Save to list
$5.00,$12.50 / 1KG,Woolworths COOK Stir Fry Mix Asian Style Vegetables 400g,Add to cart,Save to list
$7.00,$1.47 / 100G,Woolworths Sweet Potato Mash 475g,3.9,/,418,Add to cart,Save to list
OUT OF STOCK,Ausfresh Tomato Medley 250g,View similar,products,             to Ausfresh Tomato Medley 250g,Save to list
IN-STORE ONLY,Woolworths Oregano Fresh Herb 10g Punnet,View similar,products,             to Woolworths Oregano Fresh Herb 10g Punnet,Save to list
$3.00,$12.00 / 1KG,Woolworths Simply Steam Zucchini Spaghetti 250g,Add to cart,Save to list
IN-STORE ONLY,Select Apple Red Delicious 1kg Punnet,View similar,products,             to Select Apple Red Delicious 1kg Punnet,Save to list
$3.30,$25.38 / 1KG,Birch & Waite Belgian Chocolate Dessert Sauce 130g,Add to cart,Save to list
OUT OF STOCK,Woolworths Kiwi Fruit Green 8 Pack,View similar,products,             to Woolworths Kiwi Fruit Green 8 Pack,Save to list
$4.00,$8.00 / 10G,Gourmet Garden Oregano Lightly Dried 5g,Add to cart,Save to list
$4.00,$40.00 / 1KG,Macro Organic Gourmet Salad Mix 100g,Add to cart,Save to list
$7.00,$18.67 / 1KG,Woolworths White Flat Mushrooms Punnet 375g,Add to cart,Save to list
$3.20,$6.40 / 10G,Woolworths Curry Leaf Fresh Herb 5g Punnet,Add to cart,Save to list
$3.00,$15.00 / 1KG,Woolworths Organic Salad Coleslaw 200g,Add to cart,Save to list
$3.50,$35.00 / 1KG,Aussie Sprouts Pea Shoots 100g Pack,Add to cart,Save to list
$6.90,$13.80 / 1KG,Macro Organic Sweet Potato 500g,Add to cart,Save to list
EST. RESTOCK 10/04/25,Woolworths Little Gem Lettuce Combo 2 Pack,View similar,products,             to Woolworths Little Gem Lettuce Combo 2 Pack,Save to list
$3.90,$7.80 / 1KG,Macro Organic Beetroot Punnet 500g,Add to cart,Save to list
$6.90,$6.90 / 1EA,Melon Orange Candy Each,Add to cart,Save to list
$3.90,$97.50 / 1KG,Woolworths Birdseye Chilli Hot 40g,Add to cart,Save to list
$2.90,$2.90 / 1EA,Woolworths Broccoli Chinese Bunch,Add to cart,Save to list
$6.00,$33.33 / 1KG,Woolworths Organic Mushroom Cup 180g,Add to cart,Save to list
OUT OF STOCK,Macro Organic Kale Each,View similar,products,             to Macro Organic Kale Each,Save to list
$4.00,$0.50 / 10G,Gourmet Garden Paste Coriander 80g,Add to cart,Save to list
EST. RESTOCK 07/04/25,Macro Organic Snow Peas 125g Pack,View similar,products,             to Macro Organic Snow Peas 125g Pack,Save to list
$9.50,$42.22 / 1KG,Golden Palm Medjool Dates Roll With Coconut Punnet 225g,Add to cart,Save to list
$2.00,$13.33 / 1KG,Woolworths Washed & Ready To Cook Cauliflower Florets 150g,Add to cart,Save to list
$5.90,$5.90 / 1EA,Rhubarb Fresh Bunch,Add to cart,Save to list
$4.00,$23.53 / 1KG,Woolworths Gourmet Baby Kale Leaf Mix 170g,Add to cart,Save to list
$3.50,$4.67 / 1KG,Fresh Beurre Bosc Pear 750g Punnet,Add to cart,Save to list
IN-STORE ONLY,Macro Fresh Plum Organic 500g Punnet,Add to cart,Save to list
$5.90,$5.90 / 1EA,Macro Organic Broccolini Organic Each,Add to cart,Save to list
$4.50,$4.50 / 1EA,Macro Fresh Cabbage Organic Green Half Each,Add to cart,Save to list
$5.90,$5.90 / 1EA,Macro Fresh Cauliflower Half Organic Each,Add to cart,Save to list
$5.90,$11.80 / 1KG,Spanish Onion Red Organic 500g,Add to cart,Save to list
$6.80,$6.80 / 1EA,Cabbage Red Whole Each,Add to cart,Save to list
$7.10,$7.10 / 1KG,The Odd Bunch Mandarin Prepacked 1kg,Add to cart,Save to list
$5.90,$23.60 / 1KG,Woolworths Asian Salad Kit Tub 250g,Add to cart,Save to list
OUT OF STOCK,Corn Sweet Polka Dot 500g Punnet,View similar,products,             to Corn Sweet Polka Dot 500g Punnet,Save to list
$6.00,$24.00 / 1KG,Woolworths Yellow Squash 250g Punnet,Add to cart,Save to list
$4.00,$0.50 / 10G,Gourmet Garden Paste Chilli Mild 80g,Add to cart,Save to list
$3.20,$3.20 / 10G,Woolworths Bay Leaf Fresh Herb 10g,Add to cart,Save to list
$4.00,$5.00 / 10G,Gourmet Garden Mixed Herbs Lightly Dried 8g Sachet,Add to cart,Save to list
$2.30,$15.33 / 1KG,Woolworths Washed & Ready To Cook Vegetable Medley 150g,Add to cart,Save to list
OUT OF STOCK,Macro Organic Avocado Each,View similar,products,             to Macro Organic Avocado Each,Save to list
$1.09,$1.09 / 1EA,Pear Red Angel Each,Add to cart,Save to list
$7.00,$1.47 / 100G,Woolworths Roasted Garlic Mash 475g,4.3,/,718,Add to cart,Save to list
IN-STORE ONLY,Woolworths Mushrooms Oyster 150g Punnet,View similar,products,             to Woolworths Mushrooms Oyster 150g Punnet,Save to list
$7.50,$21.43 / 1KG,Macro Organic Lebanese Cucumber 350g,Add to cart,Save to list
$6.90,$46.00 / 1KG,Country Fresh Exotic Mushroom Stir Fry Mix 150g,Add to cart,Save to list
OUT OF STOCK,Envy Apple 1kg Punnet,View similar,products,             to Envy Apple 1kg Punnet,Save to list
$3.90,$48.75 / 1KG,Woolworths Jalapeno Chilli (Medium) 80g Punnet,Add to cart,Save to list
$6.75,$9.00 / 1KG,Woolworths Carrot Broccoli & Cauliflower Mix 750g,Add to cart,Save to list
EST. RESTOCK 09/04/25,Persimmon Fresh Each,Add to cart,Save to list
$6.90,$13.80 / 1KG,Macro Organic Black Grapes 500g,Add to cart,Save to list
$4.05,$4.05 / 1EA,Grape Red Globe Bunch Each,Add to cart,Save to list
$6.50,$16.25 / 1KG,Woolworths Fruit Platter 400g,Add to cart,Save to list
IN-STORE ONLY,Macro Organic Snacking Tomato 200g Punnet,View similar,products,             to Macro Organic Snacking Tomato 200g Punnet,Save to list
OUT OF STOCK,Woolworths Organic Tomato Truss 500g,View similar,products,             to Woolworths Organic Tomato Truss 500g,Save to list
$4.00,$0.50 / 10G,Gourmet Garden Cold Blend Pastes Thai Seasoning 80g,Add to cart,Save to list
OUT OF STOCK,Macro Organic Tomato Punnet 500g,Add to cart,Save to list
$4.00,$0.50 / 10G,Gourmet Garden Cold Blend Pastes Italian Herbs 80g,Add to cart,Save to list
$4.50,$22.50 / 1KG,Woolworths Mixed Fruit Salad With Passionfruit 200g,Add to cart,Save to list
$5.00,$14.29 / 1KG,Woolworths Carrot Corn & Beans 350g,Add to cart,Save to list
$4.50,$11.25 / 1KG,Woolworths Cook Simmer Veggie Mix 400g,Add to cart,Save to list
$2.95,$2.95 / 1EA,Cabbage Sugarloaf Half Each,Add to cart,Save to list
OUT OF STOCK,Macro Organic Sweet Corn 400g,View similar,products,             to Macro Organic Sweet Corn 400g,Save to list
OUT OF STOCK,Pitted Medjool Dates Punnet 340g,View similar,products,             to Pitted Medjool Dates Punnet 340g,Save to list
$5.50,$11.00 / 1KG,Crumbed Parmesan Potatoes 500g,Add to cart,Save to list
OUT OF STOCK,Macro Organic Mini Capsicum Each,View similar,products,             to Macro Organic Mini Capsicum Each,Save to list
$4.50,$22.50 / 1KG,Woolworths Good To Go Fresh Rockmelon 200g,Add to cart,Save to list
$5.90,$11.80 / 1KG,Macro Organic Roma Tomato 500g,Add to cart,Save to list
$5.50,$13.75 / 1KG,Garlic & Rosemary Potatoes 400g,Add to cart,Save to list
IN-STORE ONLY,Woolworths Good To Go Seasonal Fruit Salad 200g,View similar,products,             to Woolworths Good To Go Seasonal Fruit Salad 200g,Save to list
$3.90,$78.00 / 1KG,Woolworths Green Cayenne Chilli (Mild) 50g Punnet,Add to cart,Save to list
$7.90,$19.75 / 1KG,Organic Red Capsicum 400g,Add to cart,Save to list
OUT OF STOCK,Gourmet Garden Mint Lightly Dried 5g,View similar,products,             to Gourmet Garden Mint Lightly Dried 5g,Save to list
$5.50,$5.50 / 1EA,Macro Organic Silverbeet Rainbow Each,Add to cart,Save to list
$5.90,$0.98 / 1EA,Passionfruit 6 Pack,Add to cart,Save to list
$12.00,$1.50 / 100G,Classic Cauliflower Cheese Bake Family Meal 800g,Add to cart,Save to list
OUT OF STOCK,Woolworths COOK Soup Kit Chicken Flavoured Veg 450g,View similar,products,             to Woolworths COOK Soup Kit Chicken Flavoured Veg 450g,Save to list
$4.13,$4.13 / 1EA,Fresh Chokoes Each,Add to cart,Save to list
OUT OF STOCK,Woolworths COOK Stir Fry Kit With Teriyaki Sauce Sachet 400g,View similar,products,             to Woolworths COOK Stir Fry Kit With Teriyaki Sauce Sachet 400g,Save to list
$6.90,$6.90 / 1KG,Ambrosia Apple Punnet 1kg,Add to cart,Save to list
OUT OF STOCK,Woolworths COOK Super Greens Stir Fry Mix 250g,View similar,products,             to Woolworths COOK Super Greens Stir Fry Mix 250g,Save to list
EST. RESTOCK 09/04/25,Mandarin Amorette® Seedless each,View similar,products,             to Mandarin Amorette® Seedless each,Save to list
$5.90,$5.90 / 1EA,Cabbage Sugarloaf Whole Each,Add to cart,Save to list
$10.50,$10.50 / 1EA,Pumpkin Jarrahdale Whole Each,Add to cart,Save to list
$10.00,$16.67 / 1KG,Just Cook Onion Rings 600g,Add to cart,Save to list
$9.50,$19.00 / 1KG,Prime Organics Queen Garnet Plum 500G,Add to cart,Save to list
$5.00,$10.00 / 1KG,Woolworths Peanuts Boiled 500g Pack,Add to cart,Save to list
OUT OF STOCK,Nectarine White Flat Per kg,Add to cart,Save to list
$7.50,$10.00 / 1KG,Woolworths Washed & Ready To Cook Mixed Rainbow Vegetables 750g,Add to cart,Save to list
OUT OF STOCK,Envy Apple Each,View similar,products,             to Envy Apple Each,Save to list
OUT OF STOCK,Natural Delights Mini Medjools Sweet & Salty Almond 227g,View similar,products,             to Natural Delights Mini Medjools Sweet & Salty Almond 227g,Save to list
EST. RESTOCK 09/04/25,Macro Organic Green Capsicum 400g,View similar,products,             to Macro Organic Green Capsicum 400g,Save to list
OUT OF STOCK,Natural Delights Mini Medjools Cacao Pecan 227g,Add to cart,Save to list
$3.90,$15.60 / 1KG,Woolworths Organic Limes 250g,Add to cart,Save to list
OUT OF STOCK,Artichoke Globe Large Each,Add to cart,Save to list
OUT OF STOCK,Zespri SunGold Kiwifruit Each,View similar,products,             to Zespri SunGold Kiwifruit Each,Save to list
OUT OF STOCK,Perfection Fruit Duo Fresh Cut 200g,View similar,products,             to Perfection Fruit Duo Fresh Cut 200g,Save to list
OUT OF STOCK,Bravo Apple Fresh Each,View similar,products,             to Bravo Apple Fresh Each,Save to list
OUT OF STOCK,Woolworths Pomegranate Fresh Each,Add to cart,Save to list
OUT OF STOCK,Melon De Sapo Each,View similar,products,             to Melon De Sapo Each,Save to list
OUT OF STOCK,Melonball Each,View similar,products,             to Melonball Each,Save to list
OUT OF STOCK,Plum Yellow King Midas Each,Add to cart,Save to list
$8.50,$8.50 / 1KG,Southern Bliss Apples Big Juicy Crisp Apples Box 1Kg,Add to cart,Save to list
OUT OF STOCK,Woolworths Mango Palmer each,Add to cart,Save to list
OUT OF STOCK,Dragonfruit White Each,Add to cart,Save to list
OUT OF STOCK,Organic Coloured Cauliflower each,Add to cart,Save to list
OUT OF STOCK,Pomlife Pomegranate Arils Punnet 75g,Add to cart,Save to list
OUT OF STOCK,Sungold Kiwifruit Punnet 500g,View similar,products,             to Sungold Kiwifruit Punnet 500g,Save to list
OUT OF STOCK,The Odd Bunch Apple Prepacked 2kg,View similar,products,             to The Odd Bunch Apple Prepacked 2kg,Save to list
OUT OF STOCK,Zespri Kiwi Fruit Gold 8 Pack,Add to cart,Save to list
OUT OF STOCK,Fioretto Cauli Blossom 150g,Add to cart,Save to list
OUT OF STOCK,Montague Sparkling Apple Juice 300ml x4 Pack,Add to cart,Save to list
OUT OF STOCK,Sweet Nectar Grapes 400g,Add to cart,Save to list
OUT OF STOCK,Woolworths,Add to cart,Save to list
OUT OF STOCK,Woolworths Achacha Fruit Loose Each,Add to cart,Save to list
OUT OF STOCK,Woolworths Fresh Mango 4 Pack,Add to cart,Save to list
OUT OF STOCK,Woolworths Fresh Mini Asparagus Each,Add to cart,Save to list
OUT OF STOCK,Woolworths Passionfruit Fresh 10 Pack,Add to cart,Save to list
$0.86,$0.86 / 1EA,Cavendish Bananas Each,Add to cart,Save to list
$0.94,$0.94 / 1EA,Fresh Tomato Each,Add to cart,Save to list
$1.03,$1.03 / 1EA,Fresh Pink Lady Apples Each,Add to cart,Save to list
$2.30,$2.30 / 1EA,Avocado Shepard Each,Add to cart,Save to list
$0.85,$0.85 / 1EA,Potato White Washed Each,Add to cart,Save to list
$0.59,$0.59 / 1EA,Onion Brown Each,Add to cart,Save to list
$0.88,$0.88 / 1EA,Apple Royal Gala Each,Add to cart,Save to list
$1.42,$1.42 / 1EA,Lebanese Cucumbers Each,Add to cart,Save to list
$2.23,$2.23 / 1EA,Red Capsicum Each,Add to cart,Save to list
$1.82,$1.82 / 1EA,Fresh Broccoli Each,Add to cart,Save to list
$4.90,$19.60 / 1KG,Strawberries 250g Punnet,Add to cart,Save to list
$0.35,$0.35 / 1EA,Carrot Fresh Each,Add to cart,Save to list
$1.56,$1.56 / 1EA,Sweet Potato Gold Each,Add to cart,Save to list
$0.78,$0.78 / 1EA,Green Zucchini Each,Add to cart,Save to list
$0.79,$0.79 / 1EA,Fresh Granny Smith Apples Each,Add to cart,Save to list
$1.19,$1.19 / 1EA,Truss Tomatoes Each,Add to cart,Save to list
$0.86,$0.86 / 1EA,Onion Red Each,Add to cart,Save to list
$3.00,$12.00 / 1KG,Woolworths Cherry Tomatoes Punnet 250g,Add to cart,Save to list
$2.90,$2.90 / 1EA,Woolworths Continental Cucumbers Each,Add to cart,Save to list
$3.60,$3.60 / 1EA,White Seedless Grapes Bag Approx. 900g each,Add to cart,Save to list
$6.50,$52.00 / 1KG,Blueberries Punnet 125g,Add to cart,Save to list
$4.50,$4.50 / 1EA,Iceberg Lettuce Each,Add to cart,Save to list
$2.14,$2.14 / 1EA,Orange Navel Each,Add to cart,Save to list
$0.47,$0.47 / 1EA,Plum Black Each,Add to cart,Save to list
$1.38,$1.38 / 1EA,Lemon Fresh Each,Add to cart,Save to list
$3.50,$14.00 / 1KG,Woolworths Qukes Baby Cucumbers Punnet 250g,Add to cart,Save to list
$0.70,$0.70 / 1EA,Fresh William Bartlett Pear Each,Add to cart,Save to list
LOWER AUTUMN PRICE,$2.50,$20.83 / 1KG,WAS $3 - 25/02/2025,Woolworths Baby Leaf Spinach 120g,Add to cart,Save to list
$2.30,$2.30 / 1EA,Woolworths Broccolini Bunch Each,Add to cart,Save to list
$4.50,$36.00 / 1KG,Raspberries Punnet 125g,Add to cart,Save to list
$3.60,$3.60 / 1KG,Woolworths Onion Brown Bag 1kg,Add to cart,Save to list
$2.80,$2.80 / 1EA,Spring Onion Eschallot Bunch,Add to cart,Save to list
$3.20,$1.60 / 1EA,Woolworths Cos Hearts Lettuce 2 Pack,Add to cart,Save to list
SAVE $1.00,$11.50,$12.50 - $11.50 / 1KG,Mushrooms Cups Loose Per Kg,Add to cart,Save to list
$1.88,$1.88 / 1EA,Garlic Head Each,Add to cart,Save to list
$1.20,$1.20 / 1EA,Corn Sweet Each,Add to cart,Save to list
$2.23,$2.23 / 1EA,Capsicum Green Each,Add to cart,Save to list
$7.70,$7.70 / 1EA,Woolworths Red Watermelon Cut Quarter Each,Add to cart,Save to list
$0.95,$0.95 / 1EA,Kiwi Fruit Green Each,Add to cart,Save to list
EVERYDAY LOW PRICE,$2.00,$10.00 / 1KG,Woolworths Lettuce Iceberg Shredded Lettuce 200g,Add to cart,Save to list
$5.50,$2.75 / 1KG,Woolworths Washed Potatoes Bag 2kg,Add to cart,Save to list
$0.85,$0.85 / 1EA,Potato Red Washed Each,Add to cart,Save to list
$5.90,$5.90 / 1KG,Woolworths Fresh Pink Lady Apples Punnet 1kg,Add to cart,Save to list
$1.25,$1.25 / 1EA,Lime Fresh Each,Add to cart,Save to list
$3.50,$3.50 / 1EA,Bananas Kids 5 Pack,Add to cart,Save to list
$0.47,$0.47 / 1EA,Plum Red Each,Add to cart,Save to list
$2.30,$2.30 / 1EA,The Odd Bunch Continental Cucumber Each,Add to cart,Save to list
$2.45,$2.45 / 1EA,Pumpkin Kent Cut Each,Add to cart,Save to list
$3.20,$3.20 / 1EA,Woolworths Fresh Herb Coriander Bunch,Add to cart,Save to list
$6.90,$1.38 / 1EA,Avocado Fresh 5 Pack,Add to cart,Save to list
$0.59,$0.59 / 1EA,Orange Valencia Each,Add to cart,Save to list
$2.45,$2.45 / 1EA,Woolworths Butternut Pumpkin Cut Each,Add to cart,Save to list
$0.98,$0.98 / 1EA,Potato Brushed Each,Add to cart,Save to list
$4.00,$4.00 / 1EA,Celery Fresh Bunch,Add to cart,Save to list
$4.50,$4.50 / 1EA,Red Seedless Grapes Bag Approx. 900g each,Add to cart,Save to list
IN-STORE ONLY,Woolworths Baby Spinach Spinach 280g,View similar,products,             to Woolworths Baby Spinach Spinach 280g,Save to list
$1.17,$1.17 / 1EA,Macro Organic Banana Each,Add to cart,Save to list
$2.40,$1.60 / 1KG,The Odd Bunch Carrots 1.5kg,Add to cart,Save to list
$4.50,$4.50 / 1KG,Woolworths White Washed Baby Potatoes Bag 1kg,Add to cart,Save to list
$0.65,$0.65 / 1EA,Onion Shallot French Each,Add to cart,Save to list
IN-STORE ONLY,Ginger Fresh Per Kg,View similar,products,             to Ginger Fresh Per Kg,Save to list
$1.21,$1.21 / 1EA,Jazz Apple Each,Add to cart,Save to list
$4.00,$20.00 / 1KG,Woolworths White Cup Sliced Mushroom Punnet 200g,Add to cart,Save to list
$5.50,$44.00 / 1KG,Blackberries Punnet 125g,Add to cart,Save to list
$2.45,$2.45 / 1EA,Fresh Cauliflower Half Each,Add to cart,Save to list
$0.86,$0.86 / 1EA,Kanzi Apple Each,Add to cart,Save to list
$3.50,$14.00 / 1KG,Mini-Roma Tomato 250g Punnet,Add to cart,Save to list
$5.50,$5.50 / 1KG,Woolworths Royal Gala Apple 1kg Punnet,Add to cart,Save to list
$3.20,$3.20 / 1EA,Woolworths Fresh Continental Parsley Bunch,Add to cart,Save to list
$4.90,$4.90 / 1EA,Fresh Whole Cauliflower Each,Add to cart,Save to list
$3.60,$3.60 / 1KG,The Odd Bunch Apples Prepacked Punnet 1kg,Add to cart,Save to list
$1.11,$1.11 / 1EA,Mandarin Afourer Each,Add to cart,Save to list
$0.60,$0.60 / 1EA,Woolworths Red Cayenne Chilli (Medium) Each,Add to cart,Save to list
$6.00,$4.00 / 1KG,Spud Lite Prepack Potato 1.5kg,Add to cart,Save to list
$4.50,$4.50 / 1KG,Woolworths Fresh Granny Smith Apples Punnet 1kg,Add to cart,Save to list
$5.90,$11.80 / 1KG,The Odd Bunch Strawberries Punnet 500g,Add to cart,Save to list
$1.80,$3.60 / 1KG,Woolworths Baby Carrots 500g,Add to cart,Save to list
$2.90,$2.90 / 1EA,Leek Fresh Each,Add to cart,Save to list
$3.00,$3.00 / 1KG,Woolworths Red Onions 1kg Bag,Add to cart,Save to list
$2.30,$3.07 / 1KG,The Odd Bunch Zucchini Prepacked 750g,Add to cart,Save to list
$3.20,$3.20 / 1EA,Woolworths Green Basil Bunch,Add to cart,Save to list
OUT OF STOCK,Woolworths Baby Spinach 60g,View similar,products,             to Woolworths Baby Spinach 60g,Save to list
$7.00,$14.00 / 1KG,Woolworths Mushroom Sliced 500g,Add to cart,Save to list
$4.50,$15.00 / 1KG,Woolworths Celery Sticks 300g Punnet,Add to cart,Save to list
LOWER AUTUMN PRICE,$2.50,$20.83 / 1KG,WAS $3.30 - 25/02/2025,Woolworths Baby Leaf Rocket 120g,Add to cart,Save to list
$3.00,$15.00 / 1KG,Woolworths Leafy Mix Salad 200g,Add to cart,Save to list
$0.14,$0.14 / 1EA,Woolworths Bird's Eye Chilli Hot Each,Add to cart,Save to list
$3.50,$0.70 / 1EA,Woolworths Fresh Food Kids Mini Apples 5 Pack,Add to cart,Save to list
$2.85,$2.85 / 1EA,Eggplant Fresh Each,Add to cart,Save to list
$2.80,$2.80 / 1KG,The Odd Bunch Pear Prepacked 1kg,Add to cart,Save to list
$8.90,$2.97 / 1KG,Orange Valencia 3kg Bag,Add to cart,Save to list
$6.50,$3.25 / 1KG,Woolworths Brushed Potatoes Bag 2kg,Add to cart,Save to list
$7.90,$3.95 / 1KG,Woolworths Red Washed Potatoes Bag 2kg,Add to cart,Save to list
$1.06,$1.06 / 1EA,Banana Red Tipped Each,Add to cart,Save to list
$1.12,$1.12 / 1EA,Banana Lady Finger Each,Add to cart,Save to list
$3.00,$10.00 / 1KG,Woolworths Finely Shredded Coleslaw 300g,Add to cart,Save to list
$8.50,$8.50 / 1KG,Woolworths Gourmet Tomatoes Punnet 1kg,Add to cart,Save to list
$6.50,$6.50 / 1KG,The Odd Bunch Avocado Prepacked 1kg,Add to cart,Save to list
$4.00,$20.00 / 1KG,Woolworths Mushrooms Cups 200g Punnet,Add to cart,Save to list
$2.95,$2.95 / 1EA,Fresh Rockmelon Half Each,Add to cart,Save to list
EST. RESTOCK 06/04/25,Capsicum Yellow Each,View similar,products,             to Capsicum Yellow Each,Save to list
$1.16,$1.16 / 1EA,Mandarin Tangold Seedless Each,Add to cart,Save to list
$4.90,$4.90 / 1KG,Woolworths Gold Sweet Potatoes Bag 1kg,Add to cart,Save to list
$5.50,$11.00 / 1KG,Woolworths Tomato Truss 500g Punnet,Add to cart,Save to list
$7.00,$14.00 / 1KG,Woolworths Mushrooms Cups 500g Punnet,Add to cart,Save to list
$3.90,$3.90 / 1EA,Woolworths Green Asparagus Bunch Each,Add to cart,Save to list
$1.04,$1.04 / 1EA,Fresh Beurre Bosc Pear Each,Add to cart,Save to list
$3.50,$14.00 / 1KG,Woolworths Snackable Snacking Carrot Each,Add to cart,Save to list
$1.70,$1.70 / 1EA,Woolworths Green Cabbage Quarter each,Add to cart,Save to list
$3.20,$3.20 / 1EA,Woolworths Lettuce Oakleaf Green Each,Add to cart,Save to list
$4.90,$2.45 / 1KG,Woolworths Brown Onions Bag 2kg,Add to cart,Save to list
$3.20,$3.20 / 1EA,Woolworths Fresh Mint Bunch,Add to cart,Save to list
$3.50,$17.50 / 1KG,Woolworths Sweet Solanato Tomato Punnet Punnet 200g,Add to cart,Save to list
$5.50,$18.97 / 1KG,Woolworths Caesar Salad Kit 290g,Add to cart,Save to list
$3.50,$4.67 / 1KG,Zerella Fresh Zerella Fresh Spudlite Baby Potato Pack Bag 750g,Add to cart,Save to list
$3.50,$1.17 / 1EA,Woolworths Garlic 3 Pack,Add to cart,Save to list
$3.40,$3.40 / 1EA,Woolworths Green Cabbage Half Each,Add to cart,Save to list
$5.23,$5.23 / 1EA,Black Seedless Grapes Bag Approx. 950g each,Add to cart,Save to list
$1.12,$1.12 / 1EA,Banana Lady Finger Each,Add to cart,Save to list
$3.00,$10.00 / 1KG,Woolworths Finely Shredded Coleslaw 300g,Add to cart,Save to list
$2.00,$33.33 / 1KG,Woolworths Baby Rocket 60g,Add to cart,Save to list
$5.50,$12.94 / 1KG,Woolworths Corn Cobbettes 425g,Add to cart,Save to list
$3.00,$10.00 / 1KG,Woolworths Lettuce Iceberg Blend Lettuce Blend 300g,Add to cart,Save to list
$7.00,$1.75 / 1KG,Woolworths Brushed Potatoes Bag 4kg,Add to cart,Save to list
$5.90,$12.29 / 1KG,Select Gourmet Tomatoes 480g Punnet,Add to cart,Save to list
$5.90,$39.33 / 1KG,Woolworths Chicken Caesar Salad Bowl 180g,Add to cart,Save to list
$2.90,$5.80 / 1KG,Woolworths Potato Mini Microwavable White Bag 500g,Add to cart,Save to list
$5.00,$16.67 / 1KG,Woolworths Baby Leaf Mix With Carrot 300g,Add to cart,Save to list
$5.90,$12.29 / 1KG,Woolworths Roma Tomato 480g Punnet,Add to cart,Save to list
$3.20,$3.20 / 1EA,Woolworths Lettuce Baby Cos Each,Add to cart,Save to list
$1.70,$1.70 / 1EA,Cabbage Red Quarter Each,Add to cart,Save to list
$3.50,$0.70 / 1EA,Woolworths Fresh Food Kids Mini Pears 5 Pack,Add to cart,Save to list
$1.01,$1.01 / 1EA,Woolworths Jalapeno Chilli (Medium) Each,Add to cart,Save to list
SAVE $0.30,$3.00,$3.30 - $10.00 / 1KG,Just Veg. Carrot Sticks 300g,Add to cart,Save to list
OUT OF STOCK,Tomberry Tomatoes 125g,View similar,products,             to Tomberry Tomatoes 125g,Save to list
$0.96,$0.96 / 1EA,Apple Red Delicious Each,Add to cart,Save to list
$2.75,$2.75 / 1EA,Naturally Sweet Pineapple Half Each,Add to cart,Save to list
$0.86,$0.86 / 1EA,Mi Apple Loose Each,Add to cart,Save to list
$4.40,$5.87 / 1KG,Macro Organic Carrots 750g,Add to cart,Save to list
$12.50,$27.78 / 1KG,Medjool Dates Punnet 450g,Add to cart,Save to list
$3.90,$9.75 / 1KG,Woolworths Beanette Pre Pack 400g Punnet,Add to cart,Save to list
$5.50,$20.37 / 1KG,Woolworths Greek Salad Kit 270g,Add to cart,Save to list
$2.70,$9.00 / 1KG,Woolworths Sweet Potato Mini Gold Prepacked 300g,Add to cart,Save to list
$3.20,$2.13 / 10G,Woolworths Green Basil Fresh Herb 15g Punnet,Add to cart,Save to list
$5.90,$18.44 / 1KG,Perfection Mix-a-Mato Mini Tomatoes 320g,Add to cart,Save to list
IN-STORE ONLY,Mushroom Portobello Flat Large MIN. 200G,View similar,products,             to Mushroom Portobello Flat Large MIN. 200G,Save to list
$5.90,$14.75 / 1KG,Cotton Candy Grapes 400g,Add to cart,Save to list
$1.29,$1.29 / 1EA,Grapefruit Red Flesh Each,Add to cart,Save to list
$5.50,$3.67 / 1KG,Woolworths Lower Carb Potatoes 1.5kg,Add to cart,Save to list
$4.50,$4.50 / 1EA,Woolworths Little Gem Lettuce Green 2 Pack,Add to cart,Save to list
$3.20,$3.20 / 10G,Woolworths Rosemary Fresh Herb 10g Punnet,Add to cart,Save to list
$5.50,$10.58 / 1KG,Woolworths Crunchy Noodle Coleslaw Kit Coleslaw Kit 520g,Add to cart,Save to list
$7.80,$7.80 / 1KG,Macro Organic Royal Gala Apple Punnet 1kg,Add to cart,Save to list
$1.50,$1.50 / 1EA,Passionfruit Panama Each,Add to cart,Save to list
$5.00,$10.00 / 1KG,Woolworths Diced Pumpkin & Sweet Potato 500g,Add to cart,Save to list
$5.50,$15.71 / 1KG,Woolworths Kaleslaw Kit 350g,Add to cart,Save to list
$5.50,$27.50 / 1KG,Woolworths Swiss Brown Mushrooms Punnet 200g,Add to cart,Save to list
$5.00,$10.00 / 1KG,Woolworths Washed & Ready To Cook Pumpkin Cubes 500g,Add to cart,Save to list
$4.00,$5.00 / 10G,Gourmet Garden Parsley Lightly Dried 8G Sachet,Add to cart,Save to list
$4.70,$6.27 / 1KG,The Odd Bunch Lemons 750g,Add to cart,Save to list
$3.20,$3.20 / 1EA,Woolworths Lettuce Oakleaf Combo Each,Add to cart,Save to list
$2.14,$2.14 / 1EA,Fresh Green Nashi Pear Each,Add to cart,Save to list
$3.90,$3.90 / 1EA,Radish Fresh Bunch,Add to cart,Save to list
OUT OF STOCK,Woolworths Leafy Mix Salad 120g,View similar,products,             to Woolworths Leafy Mix Salad 120g,Save to list
$9.10,$9.10 / 1EA,Whole Pumpkin Kent Each,Add to cart,Save to list
$4.00,$0.50 / 10G,Gourmet Garden Cold Blend Pastes Basil 80g,Add to cart,Save to list
$4.00,$8.00 / 10G,Gourmet Garden Oregano Lightly Dried 5g,Add to cart,Save to list
$6.00,$33.33 / 1KG,Woolworths Organic Mushroom Cup 180g,Add to cart,Save to list
OUT OF STOCK,Macro Organic Kale Each,View similar,products,             to Macro Organic Kale Each,Save to list
$4.00,$0.50 / 10G,Gourmet Garden Paste Coriander 80g,Add to cart,Save to list
EST. RESTOCK 07/04/25,Macro Organic Snow Peas 125g Pack,View similar,products,             to Macro Organic Snow Peas 125g Pack,Save to list
$9.50,$42.22 / 1KG,Golden Palm Medjool Dates Roll With Coconut Punnet 225g,Add to cart,Save to list
$2.00,$13.33 / 1KG,Woolworths Washed & Ready To Cook Cauliflower Florets 150g,Add to cart,Save to list
$5.90,$5.90 / 1EA,Rhubarb Fresh Bunch,Add to cart,Save to list
$4.00,$23.53 / 1KG,Woolworths Gourmet Baby Kale Leaf Mix 170g,Add to cart,Save to list
$3.50,$4.67 / 1KG,Fresh Beurre Bosc Pear 750g Punnet,Add to cart,Save to list
IN-STORE ONLY,Macro Fresh Plum Organic 500g Punnet,Add to cart,Save to list
$5.90,$5.90 / 1EA,Macro Organic Broccolini Organic Each,Add to cart,Save to list
$4.50,$4.50 / 1EA,Macro Fresh Cabbage Organic Green Half Each,Add to cart,Save to list
$5.90,$5.90 / 1EA,Macro Fresh Cauliflower Half Organic Each,Add to cart,Save to list
$5.90,$11.80 / 1KG,Spanish Onion Red Organic 500g,Add to cart,Save to list
$6.80,$6.80 / 1EA,Cabbage Red Whole Each,Add to cart,Save to list
$7.10,$7.10 / 1KG,The Odd Bunch Mandarin Prepacked 1kg,Add to cart,Save to list
$5.90,$23.60 / 1KG,Woolworths Asian Salad Kit Tub 250g,Add to cart,Save to list
OUT OF STOCK,Corn Sweet Polka Dot 500g Punnet,View similar,products,             to Corn Sweet Polka Dot 500g Punnet,Save to list
$6.00,$24.00 / 1KG,Woolworths Yellow Squash 250g Punnet,Add to cart,Save to list
$4.00,$0.50 / 10G,Gourmet Garden Paste Chilli Mild 80g,Add to cart,Save to list
$6.90,$13.80 / 1KG,Macro Organic Black Grapes 500g,Add to cart,Save to list
$4.05,$4.05 / 1EA,Grape Red Globe Bunch Each,Add to cart,Save to list
$6.50,$16.25 / 1KG,Woolworths Fruit Platter 400g,Add to cart,Save to list
IN-STORE ONLY,Macro Organic Snacking Tomato 200g Punnet,View similar,products,             to Macro Organic Snacking Tomato 200g Punnet,Save to list
$0.86,$0.86 / 1EA,Cavendish Bananas Each,Add to cart,Save to list
$0.94,$0.94 / 1EA,Fresh Tomato Each,Add to cart,Save to list
$1.03,$1.03 / 1EA,Fresh Pink Lady Apples Each,Add to cart,Save to list
$2.30,$2.30 / 1EA,Avocado Shepard Each,Add to cart,Save to list
$0.85,$0.85 / 1EA,Potato White Washed Each,Add to cart,Save to list
$0.59,$0.59 / 1EA,Onion Brown Each,Add to cart,Save to list
$0.88,$0.88 / 1EA,Apple Royal Gala Each,Add to cart,Save to list
$1.42,$1.42 / 1EA,Lebanese Cucumbers Each,Add to cart,Save to list
$2.23,$2.23 / 1EA,Red Capsicum Each,Add to cart,Save to list
$1.82,$1.82 / 1EA,Fresh Broccoli Each,Add to cart,Save to list
$4.90,$19.60 / 1KG,Strawberries 250g Punnet,Add to cart,Save to list
$0.35,$0.35 / 1EA,Carrot Fresh Each,Add to cart,Save to list
$1.56,$1.56 / 1EA,Sweet Potato Gold Each,Add to cart,Save to list
$0.78,$0.78 / 1EA,Green Zucchini Each,Add to cart,Save to list
$0.79,$0.79 / 1EA,Fresh Granny Smith Apples Each,Add to cart,Save to list
$1.19,$1.19 / 1EA,Truss Tomatoes Each,Add to cart,Save to list
$0.86,$0.86 / 1EA,Onion Red Each,Add to cart,Save to list
$3.00,$12.00 / 1KG,Woolworths Cherry Tomatoes Punnet 250g,Add to cart,Save to list
$2.90,$2.90 / 1EA,Woolworths Continental Cucumbers Each,Add to cart,Save to list
$3.60,$3.60 / 1EA,White Seedless Grapes Bag Approx. 900g each,Add to cart,Save to list
$6.50,$52.00 / 1KG,Blueberries Punnet 125g,Add to cart,Save to list
$4.50,$4.50 / 1EA,Iceberg Lettuce Each,Add to cart,Save to list
$2.14,$2.14 / 1EA,Orange Navel Each,Add to cart,Save to list
$0.47,$0.47 / 1EA,Plum Black Each,Add to cart,Save to list
$2.40,$2.40 / 1KG,Woolworths Australian Grown Carrots 1Kg,Add to cart,Save to list
$1.38,$1.38 / 1EA,Lemon Fresh Each,Add to cart,Save to list
$3.50,$14.00 / 1KG,Woolworths Qukes Baby Cucumbers Punnet 250g,Add to cart,Save to list
$0.70,$0.70 / 1EA,Fresh William Bartlett Pear Each,Add to cart,Save to list
LOWER AUTUMN PRICE,$2.50,$20.83 / 1KG,WAS $3 - 25/02/2025,Woolworths Baby Leaf Spinach 120g,Add to cart,Save to list
$2.30,$2.30 / 1EA,Woolworths Broccolini Bunch Each,Add to cart,Save to list
$4.50,$36.00 / 1KG,Raspberries Punnet 125g,Add to cart,Save to list
$3.60,$3.60 / 1KG,Woolworths Onion Brown Bag 1kg,Add to cart,Save to list
$2.80,$2.80 / 1EA,Spring Onion Eschallot Bunch,Add to cart,Save to list
$3.20,$1.60 / 1EA,Woolworths Cos Hearts Lettuce 2 Pack,Add to cart,Save to list
SAVE $1.00,$11.50,$12.50 - $11.50 / 1KG,Mushrooms Cups Loose Per Kg,Add to cart,Save to list
$1.88,$1.88 / 1EA,Garlic Head Each,Add to cart,Save to list
$1.20,$1.20 / 1EA,Corn Sweet Each,Add to cart,Save to list
$2.23,$2.23 / 1EA,Capsicum Green Each,Add to cart,Save to list
$7.70,$7.70 / 1EA,Woolworths Red Watermelon Cut Quarter Each,Add to cart,Save to list
$0.95,$0.95 / 1EA,Kiwi Fruit Green Each,Add to cart,Save to list
EVERYDAY LOW PRICE,$2.00,$10.00 / 1KG,Woolworths Lettuce Iceberg Shredded Lettuce 200g,Add to cart,Save to list
$5.50,$2.75 / 1KG,Woolworths Washed Potatoes Bag 2kg,Add to cart,Save to list
$0.85,$0.85 / 1EA,Potato Red Washed Each,Add to cart,Save to list
$5.90,$5.90 / 1KG,Woolworths Fresh Pink Lady Apples Punnet 1kg,Add to cart,Save to list
$1.25,$1.25 / 1EA,Lime Fresh Each,Add to cart,Save to list
$3.50,$3.50 / 1EA,Bananas Kids 5 Pack,Add to cart,Save to list
$0.47,$0.47 / 1EA,Plum Red Each,Add to cart,Save to list
$2.30,$2.30 / 1EA,The Odd Bunch Continental Cucumber Each,Add to cart,Save to list
$2.40,$2.40 / 1KG,Woolworths Australian Grown Carrots 1Kg,Add to cart,Save to list
$1.38,$1.38 / 1EA,Lemon Fresh Each,Add to cart,Save to list
$2.45,$2.45 / 1EA,Woolworths Butternut Pumpkin Cut Each,Add to cart,Save to list
$0.98,$0.98 / 1EA,Potato Brushed Each,Add to cart,Save to list
$4.00,$4.00 / 1EA,Celery Fresh Bunch,Add to cart,Save to list
$4.50,$4.50 / 1EA,Red Seedless Grapes Bag Approx. 900g each,Add to cart,Save to list
IN-STORE ONLY,Woolworths Baby Spinach Spinach 280g,View similar,products,             to Woolworths Baby Spinach Spinach 280g,Save to list
$1.17,$1.17 / 1EA,Macro Organic Banana Each,Add to cart,Save to list
$2.40,$1.60 / 1KG,The Odd Bunch Carrots 1.5kg,Add to cart,Save to list
$4.50,$4.50 / 1KG,Woolworths White Washed Baby Potatoes Bag 1kg,Add to cart,Save to list
$0.65,$0.65 / 1EA,Onion Shallot French Each,Add to cart,Save to list
IN-STORE ONLY,Ginger Fresh Per Kg,View similar,products,             to Ginger Fresh Per Kg,Save to list
$1.21,$1.21 / 1EA,Jazz Apple Each,Add to cart,Save to list
$4.00,$20.00 / 1KG,Woolworths White Cup Sliced Mushroom Punnet 200g,Add to cart,Save to list
$5.50,$44.00 / 1KG,Blackberries Punnet 125g,Add to cart,Save to list
$2.45,$2.45 / 1EA,Fresh Cauliflower Half Each,Add to cart,Save to list
$0.86,$0.86 / 1EA,Kanzi Apple Each,Add to cart,Save to list
$3.50,$14.00 / 1KG,Mini-Roma Tomato 250g Punnet,Add to cart,Save to list
$5.50,$5.50 / 1KG,Woolworths Royal Gala Apple 1kg Punnet,Add to cart,Save to list
$3.20,$3.20 / 1EA,Woolworths Fresh Continental Parsley Bunch,Add to cart,Save to list
$4.90,$4.90 / 1EA,Fresh Whole Cauliflower Each,Add to cart,Save to list
$3.60,$3.60 / 1KG,The Odd Bunch Apples Prepacked Punnet 1kg,Add to cart,Save to list
$1.11,$1.11 / 1EA,Mandarin Afourer Each,Add to cart,Save to list
$0.60,$0.60 / 1EA,Woolworths Red Cayenne Chilli (Medium) Each,Add to cart,Save to list
$6.00,$4.00 / 1KG,Spud Lite Prepack Potato 1.5kg,Add to cart,Save to list
$4.50,$4.50 / 1KG,Woolworths Fresh Granny Smith Apples Punnet 1kg,Add to cart,Save to list
$5.90,$11.80 / 1KG,The Odd Bunch Strawberries Punnet 500g,Add to cart,Save to list
$1.80,$3.60 / 1KG,Woolworths Baby Carrots 500g,Add to cart,Save to list
$2.90,$2.90 / 1EA,Leek Fresh Each,Add to cart,Save to list
$3.00,$3.00 / 1KG,Woolworths Red Onions 1kg Bag,Add to cart,Save to list
$2.30,$3.07 / 1KG,The Odd Bunch Zucchini Prepacked 750g,Add to cart,Save to list
$3.20,$3.20 / 1EA,Woolworths Green Basil Bunch,Add to cart,Save to list
OUT OF STOCK,Woolworths Baby Spinach 60g,View similar,products,             to Woolworths Baby Spinach 60g,Save to list
$7.00,$14.00 / 1KG,Woolworths Mushroom Sliced 500g,Add to cart,Save to list
$4.50,$15.00 / 1KG,Woolworths Celery Sticks 300g Punnet,Add to cart,Save to list
LOWER AUTUMN PRICE,$2.50,$20.83 / 1KG,WAS $3.30 - 25/02/2025,Woolworths Baby Leaf Rocket 120g,Add to cart,Save to list
$3.00,$15.00 / 1KG,Woolworths Leafy Mix Salad 200g,Add to cart,Save to list
$0.14,$0.14 / 1EA,Woolworths Bird's Eye Chilli Hot Each,Add to cart,Save to list
$3.50,$0.70 / 1EA,Woolworths Fresh Food Kids Mini Apples 5 Pack,Add to cart,Save to list
$2.85,$2.85 / 1EA,Eggplant Fresh Each,Add to cart,Save to list
$2.80,$2.80 / 1KG,The Odd Bunch Pear Prepacked 1kg,Add to cart,Save to list
$8.90,$2.97 / 1KG,Orange Valencia 3kg Bag,Add to cart,Save to list
$6.50,$3.25 / 1KG,Woolworths Brushed Potatoes Bag 2kg,Add to cart,Save to list
$7.90,$3.95 / 1KG,Woolworths Red Washed Potatoes Bag 2kg,Add to cart,Save to list
$1.06,$1.06 / 1EA,Banana Red Tipped Each,Add to cart,Save to list
$3.60,$3.60 / 1KG,The Odd Bunch Apples Prepacked Punnet 1kg,Add to cart,Save to list
$1.11,$1.11 / 1EA,Mandarin Afourer Each,Add to cart,Save to list
$3.50,$14.00 / 1KG,Woolworths Snackable Snacking Carrot Each,Add to cart,Save to list
$1.70,$1.70 / 1EA,Woolworths Green Cabbage Quarter each,Add to cart,Save to list
$3.20,$3.20 / 1EA,Woolworths Lettuce Oakleaf Green Each,Add to cart,Save to list
$4.90,$2.45 / 1KG,Woolworths Brown Onions Bag 2kg,Add to cart,Save to list
$3.20,$3.20 / 1EA,Woolworths Fresh Mint Bunch,Add to cart,Save to list
$3.50,$17.50 / 1KG,Woolworths Sweet Solanato Tomato Punnet Punnet 200g,Add to cart,Save to list
$5.50,$18.97 / 1KG,Woolworths Caesar Salad Kit 290g,Add to cart,Save to list
$3.50,$4.67 / 1KG,Zerella Fresh Zerella Fresh Spudlite Baby Potato Pack Bag 750g,Add to cart,Save to list
$3.50,$1.17 / 1EA,Woolworths Garlic 3 Pack,Add to cart,Save to list
$3.40,$3.40 / 1EA,Woolworths Green Cabbage Half Each,Add to cart,Save to list
$5.23,$5.23 / 1EA,Black Seedless Grapes Bag Approx. 950g each,Add to cart,Save to list
$1.12,$1.12 / 1EA,Banana Lady Finger Each,Add to cart,Save to list
$6.40,$25.60 / 1KG,Woolworths Snow Peas Fresh 250g Bag,Add to cart,Save to list
$5.90,$5.90 / 1EA,Fresh Rockmelon Whole Each,Add to cart,Save to list
$5.50,$11.00 / 1KG,Woolworths Corn Sweet 500g Pack,Add to cart,Save to list
OUT OF STOCK,Sweetest Batch® Premium Strawberries 300g Punnet,View similar,products,             to Sweetest Batch® Premium Strawberries 300g Punnet,Save to list
$5.50,$11.00 / 1KG,The Odd Bunch Lime Prepacked 500g,Add to cart,Save to list
$3.90,$3.90 / 1EA,Kale Fresh Bunch,Add to cart,Save to list
$5.50,$5.50 / 1EA,Pineapple Naturally Sweet Whole Each,Add to cart,Save to list
$5.80,$17.06 / 1KG,Mulgowie Green Beans Cleaned & Cut 340g,Add to cart,Save to list
$8.90,$1.78 / 1EA,Woolworths Orange Navel 5 Pack,Add to cart,Save to list
$5.50,$15.71 / 1KG,Woolworths Asian Style Salad Kit 350g,Add to cart,Save to list
$2.90,$2.90 / 1EA,Pak Choy Baby Asian Greens Each,Add to cart,Save to list
$3.50,$3.50 / 1KG,Fresh William Bartlett Pear 1kg Punnet,Add to cart,Save to list
$2.90,$2.90 / 1EA,Buk Choy Asian Greens Each,Add to cart,Save to list
EST. RESTOCK 06/04/25,Woolworths Lettuce Butter 170g,View similar,products,             to Woolworths Lettuce Butter 170g,Save to list
$1.50,$1.50 / 1EA,Passionfruit Fresh Each,Add to cart,Save to list
$1.95,$1.95 / 1EA,Beetroot Loose Each,Add to cart,Save to list
$2.00,$10.00 / 1KG,Woolworths Classic Coleslaw 200g,Add to cart,Save to list
$4.00,$23.53 / 1KG,Woolworths Lettuce Gourmet Leaf Mix 170g,Add to cart,Save to list
$6.90,$0.86 / 1EA,Kiwi Fruit Green 8 Pack,Add to cart,Save to list
$3.20,$2.13 / 10G,Woolworths Dill Fresh Herb 15g,Add to cart,Save to list
$4.50,$18.00 / 1KG,Woolworths Truss Cocktail Tomato Punnet 250g,Add to cart,Save to list
$2.50,$10.00 / 1KG,Aussie Sprouts Bean Sprouts 250g,Add to cart,Save to list
$0.60,$0.60 / 1EA,Woolworths Green Cayenne Chilli (Mild) Each,Add to cart,Save to list
$4.00,$4.00 / 1EA,Woolworths Celery Heart Each,Add to cart,Save to list
$5.50,$3.67 / 1KG,Woolworths Mashing Potatoes Bag 1.5kg,Add to cart,Save to list
$7.00,$7.00 / 1KG,The Odd Bunch Capsicum Prepacked 1kg,Add to cart,Save to list
$2.00,$33.33 / 1KG,Woolworths Baby Rocket 60g,Add to cart,Save to list
$5.50,$12.94 / 1KG,Woolworths Corn Cobbettes 425g,Add to cart,Save to list
$3.00,$10.00 / 1KG,Woolworths Lettuce Iceberg Blend Lettuce Blend 300g,Add to cart,Save to list
$7.00,$1.75 / 1KG,Woolworths Brushed Potatoes Bag 4kg,Add to cart,Save to list
$5.90,$12.29 / 1KG,Select Gourmet Tomatoes 480g Punnet,Add to cart,Save to list
$5.90,$39.33 / 1KG,Woolworths Chicken Caesar Salad Bowl 180g,Add to cart,Save to list
$2.90,$5.80 / 1KG,Woolworths Potato Mini Microwavable White Bag 500g,Add to cart,Save to list
$5.00,$16.67 / 1KG,Woolworths Baby Leaf Mix With Carrot 300g,Add to cart,Save to list
$5.90,$12.29 / 1KG,Woolworths Roma Tomato 480g Punnet,Add to cart,Save to list
$3.20,$3.20 / 1EA,Woolworths Lettuce Baby Cos Each,Add to cart,Save to list
$1.70,$1.70 / 1EA,Cabbage Red Quarter Each,Add to cart,Save to list
$3.50,$0.70 / 1EA,Woolworths Fresh Food Kids Mini Pears 5 Pack,Add to cart,Save to list
$1.01,$1.01 / 1EA,Woolworths Jalapeno Chilli (Medium) Each,Add to cart,Save to list
$5.50,$13.75 / 1KG,Woolworths White Grapes 400g,Add to cart,Save to list
$4.50,$22.50 / 1KG,Woolworths Mushrooms Button 200g Punnet,Add to cart,Save to list
$4.30,$28.67 / 1KG,Woolworths Sugar Snap Peas 150g Bag,Add to cart,Save to list
IN-STORE ONLY,Strawberries 450g Punnet,View similar,products,             to Strawberries 450g Punnet,Save to list
$6.30,$6.30 / 1EA,Pumpkin Butternut Whole Each,Add to cart,Save to list
$3.20,$3.20 / 10G,Woolworths Thyme Fresh Herb 10g Punnet,Add to cart,Save to list
$3.20,$3.20 / 10G,Woolworths Chives Fresh Herb 10g Punnet,Add to cart,Save to list
$0.60,$0.60 / 1EA,Woolworths Green Cayenne Chilli (Mild) Each,Add to cart,Save to list
$4.00,$4.00 / 1EA,Woolworths Celery Heart Each,Add to cart,Save to list
$5.50,$20.37 / 1KG,Woolworths Greek Salad Kit 270g,Add to cart,Save to list
$2.70,$9.00 / 1KG,Woolworths Sweet Potato Mini Gold Prepacked 300g,Add to cart,Save to list
$3.20,$2.13 / 10G,Woolworths Green Basil Fresh Herb 15g Punnet,Add to cart,Save to list
$5.90,$18.44 / 1KG,Perfection Mix-a-Mato Mini Tomatoes 320g,Add to cart,Save to list
IN-STORE ONLY,Mushroom Portobello Flat Large MIN. 200G,View similar,products,             to Mushroom Portobello Flat Large MIN. 200G,Save to list
$5.90,$14.75 / 1KG,Cotton Candy Grapes 400g,Add to cart,Save to list
$1.29,$1.29 / 1EA,Grapefruit Red Flesh Each,Add to cart,Save to list
$5.50,$3.67 / 1KG,Woolworths Lower Carb Potatoes 1.5kg,Add to cart,Save to list
$4.50,$4.50 / 1EA,Woolworths Little Gem Lettuce Green 2 Pack,Add to cart,Save to list
$3.20,$3.20 / 10G,Woolworths Rosemary Fresh Herb 10g Punnet,Add to cart,Save to list
$5.50,$10.58 / 1KG,Woolworths Crunchy Noodle Coleslaw Kit Coleslaw Kit 520g,Add to cart,Save to list
$7.80,$7.80 / 1KG,Macro Organic Royal Gala Apple Punnet 1kg,Add to cart,Save to list
$1.50,$1.50 / 1EA,Passionfruit Panama Each,Add to cart,Save to list
$5.00,$10.00 / 1KG,Woolworths Diced Pumpkin & Sweet Potato 500g,Add to cart,Save to list
$5.50,$15.71 / 1KG,Woolworths Kaleslaw Kit 350g,Add to cart,Save to list
$3.30,$11.00 / 1KG,Just Veg. Carrot Shred 300g,Add to cart,Save to list
$4.50,$10.00 / 1KG,Woolworths American Style Slaw Kit 450g,Add to cart,Save to list
$5.50,$13.75 / 1KG,Woolworths Red Grapes 400g,Add to cart,Save to list
OUT OF STOCK,Sweet Delight Tomatoes 200g,View similar,products,             to Sweet Delight Tomatoes 200g,Save to list
$5.50,$27.50 / 1KG,Woolworths Mushrooms Swiss Brown Sliced 200g Punnet,Add to cart,Save to list
$5.50,$5.50 / 1KG,Macro Dutch Cream Organic Potato 1kg Punnet,Add to cart,Save to list
$3.50,$3.50 / 1EA,Fresh Fennel Each,Add to cart,Save to list
IN-STORE ONLY,Macro Organic Round Beans 200g,View similar,products,             to Macro Organic Round Beans 200g,Save to list
$4.50,$9.00 / 1KG,Woolworths Classic Coleslaw Kit 500g,Add to cart,Save to list
$4.70,$4.70 / 1EA,Silverbeet Fresh Bunch Each,Add to cart,Save to list
$4.90,$4.90 / 1EA,Pomegranate Each,Add to cart,Save to list
$5.80,$11.60 / 1KG,McCain Pub Style Onion Rings 500g,Add to cart,Save to list
$6.50,$43.33 / 1KG,Macro Organic Ginger Punnet 150g,Add to cart,Save to list
$4.00,$0.50 / 10G,Gourmet Garden Paste Ginger 80g,Add to cart,Save to list
$5.50,$3.44 / 100G,Avofresh Smashed Avocado 160g,Add to cart,Save to list
$5.90,$29.50 / 1KG,Woolworths Beetroot & Feta Salad Bowl 200g,Add to cart,Save to list
$5.50,$27.50 / 1KG,Woolworths Caesar Salad Bowl 200g,Add to cart,Save to list
$5.50,$3.44 / 100G,Avofresh Classic Avocado Guacamole 160g,Add to cart,Save to list
$2.50,$20.00 / 1KG,Aussie Sprouts Alfalfa Sprouts 125g Punnet,Add to cart,Save to list
$3.20,$1.07 / 10G,Woolworths Lemongrass Fresh Herb 30g Punnet,Add to cart,Save to list
IN-STORE ONLY,Swedes Fresh Each,Add to cart,Save to list
$5.90,$23.60 / 1KG,Woolworths Caesar Salad Kit Tub 250g,Add to cart,Save to list
IN-STORE ONLY,Kimaye Fresh Pomegranate Arils Punnet 75g,Add to cart,Save to list
$1.18,$1.18 / 1EA,Fresh Corella Pear Each,Add to cart,Save to list
$5.90,$14.75 / 1KG,Candy Hearts Grapes 400g,Add to cart,Save to list
$4.00,$4.00 / 10G,Gourmet Garden Basil Lightly Dried 10g Sachet,Add to cart,Save to list
$3.45,$3.45 / 1EA,Honeydew Large Half Each,Add to cart,Save to list
$4.90,$16.33 / 1KG,Perfection Kumato Tomato Punnet 300g,Add to cart,Save to list
IN-STORE ONLY,Strawberry Organic 250g Punnet,View similar,products,             to Strawberry Organic 250g Punnet,Save to list
$3.00,$10.00 / 1KG,Woolworths Rainbow Coleslaw 300g,Add to cart,Save to list
IN-STORE ONLY,Macro Organic Herb Coriander Bunch Each,View similar,products,             to Macro Organic Herb Coriander Bunch Each,Save to list
$4.00,$0.50 / 10G,Gourmet Garden Cold Blend Pastes Lemongrass 80g,Add to cart,Save to list
$2.90,$2.90 / 1EA,Woolworths Choy Sum Asian Greens Each,Add to cart,Save to list
$8.50,$22.67 / 1KG,Woolworths Portobello Flat Mushrooms Punnet 375g,Add to cart,Save to list
$5.50,$5.50 / 1EA,Papaya Red Whole Each,Add to cart,Save to list
$4.00,$5.00 / 10G,Gourmet Garden Coriander Lightly Dried 8g Sachet,Add to cart,Save to list
$6.50,$24.07 / 1KG,Woolworths Beetroot & Feta Salad Kit 270g,Add to cart,Save to list
IN-STORE ONLY,Macro White Organic Grapes 500g,View similar,products,             to Macro White Organic Grapes 500g,Save to list
$6.90,$6.90 / 1EA,Honeydew Fresh Whole Each,Add to cart,Save to list
$5.50,$15.71 / 1KG,Woolworths Cranberry & Kaleslaw Kit 350g,Add to cart,Save to list
$5.00,$12.50 / 1KG,Woolworths Cook Stir-Fry Traditional Vegetables 400g,Add to cart,Save to list
$3.20,$2.13 / 10G,Woolworths Thai Basil Fresh Herbs 15g Punnet,Add to cart,Save to list
$2.90,$41.43 / 1KG,Woolworths Garlic Cloves 70g,Add to cart,Save to list
OUT OF STOCK,Woolworths Baby Spinach & Rocket 60g,View similar,products,             to Woolworths Baby Spinach & Rocket 60g,Save to list
$5.50,$23.91 / 1KG,Woolworths Asian Salad Bowl 230g,Add to cart,Save to list
OUT OF STOCK,Kiwiberry Punnet 125g,Add to cart,Save to list
$2.00,$13.33 / 1KG,Woolworths Washed & Ready To Cook Broccoli & Cauliflower Florets 150g,Add to cart,Save to list
$6.80,$6.80 / 1KG,The Odd Bunch Tomato Prepacked 1kg,Add to cart,Save to list
$6.50,$13.00 / 1KG,Macro Organic Green Zucchini Punnet 500g,Add to cart,Save to list
$5.50,$17.46 / 1KG,Woolworths Thai Salad Kit 315g,Add to cart,Save to list
$1.06,$1.06 / 1EA,Fresh Papple Each,Add to cart,Save to list
$4.00,$0.50 / 10G,Gourmet Garden Cold Blend Pastes Garlic 80g,Add to cart,Save to list
OUT OF STOCK,Woolworths Brussel Sprouts Prepack 500g Punnet,View similar,products,             to Woolworths Brussel Sprouts Prepack 500g Punnet,Save to list
$7.00,$4.67 / 1KG,Georgina Premium White Wash Potatoes Bag 1.5kg,Add to cart,Save to list
$4.90,$4.90 / 1KG,Kanzi Apple 1kg Punnet,Add to cart,Save to list
$3.20,$3.20 / 10G,Woolworths Kaffir Lime Leaf Fresh Herb 10g Punnet,Add to cart,Save to list
$2.90,$2.90 / 1EA,Woolworths Choy Sum Asian Greens Each,Add to cart,Save to list
$3.80,$38.00 / 1KG,Macro Certified Organic Salad Mix 100g,Add to cart,Save to list
$3.00,$0.21 / 10G,Galiko All Natural Garlic Minced Jar 145g,Add to cart,Save to list
$7.50,$37.50 / 1KG,Macro Organic Dates Punnet 200g,Add to cart,Save to list
$5.00,$12.50 / 1KG,Woolworths Cook Potato Baby Herb & Butter 400g,Add to cart,Save to list
$4.50,$11.25 / 1KG,Woolworths Four Seasons Coleslaw 400g,Add to cart,Save to list
OUT OF STOCK,Macro Fresh Celery Heart Organic Each,View similar,products,             to Macro Fresh Celery Heart Organic Each,Save to list
$3.50,$0.70 / 1EA,Woolworths Kiwifruit Green Kids 5 Pack,Add to cart,Save to list
$8.70,$17.40 / 1KG,Macro Organic Broccoli 500g,Add to cart,Save to list
$2.00,$13.33 / 1KG,Just Veg. Carrot Sticks 150g,Add to cart,Save to list
$4.90,$4.90 / 1EA,Macro Onion Spring Organic Each,Add to cart,Save to list
OUT OF STOCK,Woolworths Honey Mustard Salad Kit 285g,View similar,products,             to Woolworths Honey Mustard Salad Kit 285g,Save to list
$5.90,$24.58 / 1KG,Woolworths Cobb Salad Bowl 240g,Add to cart,Save to list
$3.90,$3.90 / 1EA,Organic Pumpkin Butternut Each,Add to cart,Save to list
$3.00,$0.21 / 10G,Galiko All Natural Ginger Minced Jar 145g,Add to cart,Save to list
$5.50,$13.75 / 1KG,Woolworths Korean Style Salad Kit 400g,Add to cart,Save to list
$6.80,$6.80 / 1EA,Cabbage Green Whole Each,Add to cart,Save to list
$5.50,$13.75 / 1KG,Woolworths Japanese Style Slaw Kit 400g,Add to cart,Save to list
$5.50,$25.00 / 1KG,Woolworths Mexican Style Salad Bowl Ready To Eat 220g,Add to cart,Save to list
IN-STORE ONLY,Woolworths Seedless Black Grapes 400g,Add to cart,Save to list
$5.00,$0.43 / 10G,Gourmet Garden Cold Blend Pastes Ginger Value 115g,Add to cart,Save to list
$4.50,$22.50 / 1KG,Woolworths Fresh Pineapple 200G,Add to cart,Save to list
$6.80,$1.36 / 1KG,The Odd Bunch Crazy Carrots 5kg,Add to cart,Save to list
IN-STORE ONLY,Select Apple Red Delicious 1kg Punnet,View similar,products,             to Select Apple Red Delicious 1kg Punnet,Save to list
$3.30,$25.38 / 1KG,Birch & Waite Belgian Chocolate Dessert Sauce 130g,Add to cart,Save to list
OUT OF STOCK,Woolworths Kiwi Fruit Green 8 Pack,View similar,products,             to Woolworths Kiwi Fruit Green 8 Pack,Save to list
$4.00,$8.00 / 10G,Gourmet Garden Oregano Lightly Dried 5g,Add to cart,Save to list
$4.00,$40.00 / 1KG,Macro Organic Gourmet Salad Mix 100g,Add to cart,Save to list
$7.00,$18.67 / 1KG,Woolworths White Flat Mushrooms Punnet 375g,Add to cart,Save to list
$3.20,$6.40 / 10G,Woolworths Curry Leaf Fresh Herb 5g Punnet,Add to cart,Save to list
$3.00,$15.00 / 1KG,Woolworths Organic Salad Coleslaw 200g,Add to cart,Save to list
$3.50,$35.00 / 1KG,Aussie Sprouts Pea Shoots 100g Pack,Add to cart,Save to list
$6.90,$13.80 / 1KG,Macro Organic Sweet Potato 500g,Add to cart,Save to list
EST. RESTOCK 10/04/25,Woolworths Little Gem Lettuce Combo 2 Pack,View similar,products,             to Woolworths Little Gem Lettuce Combo 2 Pack,Save to list
$3.90,$7.80 / 1KG,Macro Organic Beetroot Punnet 500g,Add to cart,Save to list
$6.90,$6.90 / 1EA,Melon Orange Candy Each,Add to cart,Save to list
$3.90,$97.50 / 1KG,Woolworths Birdseye Chilli Hot 40g,Add to cart,Save to list
$2.90,$2.90 / 1EA,Woolworths Broccoli Chinese Bunch,Add to cart,Save to list
$6.00,$33.33 / 1KG,Woolworths Organic Mushroom Cup 180g,Add to cart,Save to list
OUT OF STOCK,Macro Organic Kale Each,View similar,products,             to Macro Organic Kale Each,Save to list
$4.00,$0.50 / 10G,Gourmet Garden Paste Coriander 80g,Add to cart,Save to list
EST. RESTOCK 07/04/25,Macro Organic Snow Peas 125g Pack,View similar,products,             to Macro Organic Snow Peas 125g Pack,Save to list
$9.50,$42.22 / 1KG,Golden Palm Medjool Dates Roll With Coconut Punnet 225g,Add to cart,Save to list
$2.00,$13.33 / 1KG,Woolworths Washed & Ready To Cook Cauliflower Florets 150g,Add to cart,Save to list
$5.90,$5.90 / 1EA,Rhubarb Fresh Bunch,Add to cart,Save to list
$4.00,$23.53 / 1KG,Woolworths Gourmet Baby Kale Leaf Mix 170g,Add to cart,Save to list
$3.50,$4.67 / 1KG,Fresh Beurre Bosc Pear 750g Punnet,Add to cart,Save to list
IN-STORE ONLY,Macro Fresh Plum Organic 500g Punnet,Add to cart,Save to list
$5.90,$5.90 / 1EA,Macro Organic Broccolini Organic Each,Add to cart,Save to list
$4.50,$4.50 / 1EA,Macro Fresh Cabbage Organic Green Half Each,Add to cart,Save to list
$5.90,$5.90 / 1EA,Macro Fresh Cauliflower Half Organic Each,Add to cart,Save to list
$5.90,$11.80 / 1KG,Spanish Onion Red Organic 500g,Add to cart,Save to list
$6.80,$6.80 / 1EA,Cabbage Red Whole Each,Add to cart,Save to list
$7.10,$7.10 / 1KG,The Odd Bunch Mandarin Prepacked 1kg,Add to cart,Save to list
$5.90,$23.60 / 1KG,Woolworths Asian Salad Kit Tub 250g,Add to cart,Save to list
OUT OF STOCK,Corn Sweet Polka Dot 500g Punnet,View similar,products,             to Corn Sweet Polka Dot 500g Punnet,Save to list
$6.00,$24.00 / 1KG,Woolworths Yellow Squash 250g Punnet,Add to cart,Save to list
$4.00,$0.50 / 10G,Gourmet Garden Paste Chilli Mild 80g,Add to cart,Save to list
$3.20,$3.20 / 10G,Woolworths Bay Leaf Fresh Herb 10g,Add to cart,Save to list
$4.00,$0.50 / 10G,Gourmet Garden Cold Blend Pastes Thai Seasoning 80g,Add to cart,Save to list
$4.00,$0.50 / 10G,Gourmet Garden Cold Blend Pastes Italian Herbs 80g,Add to cart,Save to list
$4.50,$22.50 / 1KG,Woolworths Mixed Fruit Salad With Passionfruit 200g,Add to cart,Save to list
$5.00,$14.29 / 1KG,Woolworths Carrot Corn & Beans 350g,Add to cart,Save to list
$5.00,$25.00 / 1KG,Woolworths Cook Cauliflower Broccoli & Carrot With Herb Butter 200g,Add to cart,Save to list
$4.90,$4.90 / 1EA,Organic Pak Choy Baby Each,Add to cart,Save to list
$3.90,$111.43 / 1KG,Woolworths Habanero Chilli Hot 35g Punnet,Add to cart,Save to list
IN-STORE ONLY,Coco Q Green Drinking Coconut Each,Add to cart,Save to list
IN-STORE ONLY,Woolworths COOK Stir Fry Kit With Honey Soy Sauce Sachet 400g,View similar,products,             to Woolworths COOK Stir Fry Kit With Honey Soy Sauce Sachet 400g,Save to list
$4.50,$11.25 / 1KG,Woolworths Cook Simmer Veggie Mix 400g,Add to cart,Save to list
$2.95,$2.95 / 1EA,Cabbage Sugarloaf Half Each,Add to cart,Save to list
OUT OF STOCK,Macro Organic Sweet Corn 400g,View similar,products,             to Macro Organic Sweet Corn 400g,Save to list
OUT OF STOCK,Pitted Medjool Dates Punnet 340g,View similar,products,             to Pitted Medjool Dates Punnet 340g,Save to list
OUT OF STOCK,Macro Organic Tomato Punnet 500g,Add to cart,Save to list
$5.50,$11.00 / 1KG,Crumbed Parmesan Potatoes 500g,Add to cart,Save to list
OUT OF STOCK,Macro Organic Mini Capsicum Each,View similar,products,             to Macro Organic Mini Capsicum Each,Save to list
$4.50,$22.50 / 1KG,Woolworths Good To Go Fresh Rockmelon 200g,Add to cart,Save to list
$5.90,$11.80 / 1KG,Macro Organic Roma Tomato 500g,Add to cart,Save to list
$5.50,$13.75 / 1KG,Garlic & Rosemary Potatoes 400g,Add to cart,Save to list
IN-STORE ONLY,Woolworths Good To Go Seasonal Fruit Salad 200g,View similar,products,             to Woolworths Good To Go Seasonal Fruit Salad 200g,Save to list
$3.90,$78.00 / 1KG,Woolworths Green Cayenne Chilli (Mild) 50g Punnet,Add to cart,Save to list
$7.90,$19.75 / 1KG,Organic Red Capsicum 400g,Add to cart,Save to list
OUT OF STOCK,Gourmet Garden Mint Lightly Dried 5g,View similar,products,             to Gourmet Garden Mint Lightly Dried 5g,Save to list
$5.50,$5.50 / 1EA,Macro Organic Silverbeet Rainbow Each,Add to cart,Save to list
$5.90,$0.98 / 1EA,Passionfruit 6 Pack,Add to cart,Save to list
$12.00,$1.50 / 100G,Classic Cauliflower Cheese Bake Family Meal 800g,Add to cart,Save to list
OUT OF STOCK,Woolworths COOK Soup Kit Chicken Flavoured Veg 450g,View similar,products,             to Woolworths COOK Soup Kit Chicken Flavoured Veg 450g,Save to list
$4.13,$4.13 / 1EA,Fresh Chokoes Each,Add to cart,Save to list
IN-STORE ONLY,Woolworths Good To Go Seasonal Melon Mix 200g,View similar,products,             to Woolworths Good To Go Seasonal Melon Mix 200g,Save to list
OUT OF STOCK,Artichoke Globe Large Each,Add to cart,Save to list
OUT OF STOCK,Zespri SunGold Kiwifruit Each,View similar,products,             to Zespri SunGold Kiwifruit Each,Save to list
OUT OF STOCK,Perfection Fruit Duo Fresh Cut 200g,View similar,products,             to Perfection Fruit Duo Fresh Cut 200g,Save to list
OUT OF STOCK,Bravo Apple Fresh Each,View similar,products,             to Bravo Apple Fresh Each,Save to list
OUT OF STOCK,Woolworths Pomegranate Fresh Each,Add to cart,Save to list
OUT OF STOCK,Melon De Sapo Each,View similar,products,             to Melon De Sapo Each,Save to list
OUT OF STOCK,Melonball Each,View similar,products,             to Melonball Each,Save to list
OUT OF STOCK,Dragonfruit White Each,Add to cart,Save to list
OUT OF STOCK,Organic Coloured Cauliflower each,Add to cart,Save to list
OUT OF STOCK,Pomlife Pomegranate Arils Punnet 75g,Add to cart,Save to list
OUT OF STOCK,Sungold Kiwifruit Punnet 500g,View similar,products,             to Sungold Kiwifruit Punnet 500g,Save to list
OUT OF STOCK,The Odd Bunch Apple Prepacked 2kg,View similar,products,             to The Odd Bunch Apple Prepacked 2kg,Save to list
OUT OF STOCK,Zespri Kiwi Fruit Gold 8 Pack,Add to cart,Save to list
OUT OF STOCK,Fioretto Cauli Blossom 150g,Add to cart,Save to list
OUT OF STOCK,Montague Sparkling Apple Juice 300ml x4 Pack,Add to cart,Save to list
OUT OF STOCK,Sweet Nectar Grapes 400g,Add to cart,Save to list
OUT OF STOCK,Woolworths,Add to cart,Save to list
OUT OF STOCK,Woolworths Achacha Fruit Loose Each,Add to cart,Save to list
OUT OF STOCK,Woolworths Fresh Mango 4 Pack,Add to cart,Save to list
OUT OF STOCK,Woolworths Fresh Mini Asparagus Each,Add to cart,Save to list
OUT OF STOCK,Woolworths Passionfruit Fresh 10 Pack,Add to cart,Save to list
$6.00,$4.00 / 100G,The Happy Snack Company Kids Fava Beans Pizza 10 Pack,4.2,/,9, Promoted,Add to cart,Save to list
$7.00,$1.40 / 100G,Western Star Original Spreadable Butter Blend Tub 500g,3.0,/,1, Promoted,Add to cart,Save to list
$6.00,$4.00 / 100G,The Happy Snack Company Roasted Chickpeas Lime And Cracked Pepper 6 Pack,4.6,/,20, Promoted,Add to cart,Save to list
$6.00,$4.00 / 100G,The Happy Snack Company Roasted Chickpeas Lightly Salted 6 Pack,4.5,/,37, Promoted,Add to cart,Save to list
$0.86,$0.86 / 1EA,Cavendish Bananas Each,Add to cart,Save to list
$4.90,$19.60 / 1KG,Strawberries 250g Punnet,Add to cart,Save to list
$0.79,$0.79 / 1EA,Fresh Granny Smith Apples Each,Add to cart,Save to list
$3.00,$12.00 / 1KG,Woolworths Cherry Tomatoes Punnet 250g,Add to cart,Save to list
$9.90,$0.69 / 1L,Woolworths Spring Water Bottles 600ml x24 Pack,4.8,/,266,Add to cart,Save to list
$3.60,$3.60 / 1EA,White Seedless Grapes Bag Approx. 900g each,Add to cart,Save to list
$6.00,$4.00 / 100G,The Happy Snack Company Roasted Fava Beans Smoky Bbq 6 Pack,Promoted,Add to cart,Save to list
EVERYDAY LOW PRICE,$6.50,$1.73 / 100G,Arnotts Shapes Multipack Cracker Biscuits Variety 15 pack,Promoted,Add to cart,Save to list
SAVE $1.00,$3.00,$4.00 - $2.40 / 100G,Arnotts Cruskits Original Crispbreads 125g,Promoted,Add to cart,Save to list
EVERYDAY LOW PRICE,$6.50,$1.73 / 100G,Arnotts Tiny Teddy Variety Multipack Biscuits 15 Pack,Promoted,Add to cart,Save to list
$6.50,$52.00 / 1KG,Blueberries Punnet 125g,Add to cart,Save to list
$2.40,$2.40 / 1KG,Woolworths Australian Grown Carrots 1Kg,Add to cart,Save to list
$3.50,$14.00 / 1KG,Woolworths Qukes Baby Cucumbers Punnet 250g,Add to cart,Save to list
LOWER AUTUMN PRICE,$21.00,$21.00 / 1KG,RANGE WAS $23.50KG - 25/02/2025,Champagne Leg Ham Shaved From The Deli Per Kg,Add to cart,Save to list
LOWER AUTUMN PRICE,$2.50,$20.83 / 1KG,WAS $3 - 25/02/2025,Woolworths Baby Leaf Spinach 120g,Add to cart,Save to list
$4.50,$36.00 / 1KG,Raspberries Punnet 125g,Add to cart,Save to list
EVERYDAY LOW PRICE,$0.80,$1.14 / 100G,Woolworths Strawberry Yoghurt Pouch 70g,4.4,/,1357,Add to cart,Save to list
EVERYDAY LOW PRICE,$4.50,$0.64 / 100G,Wonder White Bread Vitamins & Minerals Sandwich 700g,1.0,/,1,Add to cart,Save to list
EVERYDAY LOW PRICE,$0.80,$1.14 / 100G,Woolworths Vanilla Yoghurt Pouch 70g,4.4,/,1267,Add to cart,Save to list
$0.95,$0.95 / 1EA,Kiwi Fruit Green Each,Add to cart,Save to list
$5.90,$5.90 / 1KG,Woolworths Fresh Pink Lady Apples Punnet 1kg,Add to cart,Save to list
$3.50,$3.50 / 1EA,Bananas Kids 5 Pack,Add to cart,Save to list
EVERYDAY LOW PRICE,$4.50,$0.64 / 100G,Tip Top The One White Sandwich Slice Bread Loaf Bakery 700g,4.4,/,44,Add to cart,Save to list
EVERYDAY LOW PRICE,$2.40,$0.67 / 100G,Woolworths White Wrap 8 Pack,4.8,/,2925,Add to cart,Save to list
SAVE $0.65,$2.30,$2.95 - $24.21 / 1KG,Sirena Tuna In Oil Italian Style 95g,5.0,/,1,Add to cart,Save to list
SAVE $2.00,$24.00,$26.00 - $24.00 / 1KG,D'Orsogna Ham Leg Triple Smoked 97% Fat Free Shaved 1kg,Add to cart,Save to list
$2.20,$1.69 / 100G,5 FOR $8.00 - $1.23/100G,Farmers Union Greek Style Yogurt Pouch Real Vanilla Bean 130g,Add to cart,Save to list
$6.00,$4.00 / 100G,The Happy Snack Company Kids Fava Beans Pizza 10 Pack,4.2,/,9, Promoted,Add to cart,Save to list
$7.00,$1.40 / 100G,Western Star Original Spreadable Butter Blend Tub 500g,3.0,/,1, Promoted,Add to cart,Save to list
$6.00,$4.00 / 100G,The Happy Snack Company Roasted Chickpeas Lime And Cracked Pepper 6 Pack,4.6,/,20, Promoted,Add to cart,Save to list
$6.00,$4.00 / 100G,The Happy Snack Company Roasted Chickpeas Lightly Salted 6 Pack,4.5,/,37, Promoted,Add to cart,Save to list
$0.86,$0.86 / 1EA,Cavendish Bananas Each,Add to cart,Save to list
$4.90,$19.60 / 1KG,Strawberries 250g Punnet,Add to cart,Save to list
$19.50,$19.50 / 1KG,Deli Leg Ham Shaved From The Deli Per Kg,Add to cart,Save to list
$5.00,$2.86 / 100G,Arnotts Mini Choc Chip Cookie Multipack Biscuits 7 Pack,Promoted,Add to cart,Save to list
$6.00,$4.00 / 100G,The Happy Snack Company Roasted Fava Beans Sea Salt And Balsamic Vinegar 6 Pack,4.8,/,36, Promoted,Add to cart,Save to list
$6.00,$3.00 / 100G,The Happy Snack Company Roasted Chickpeas Lightly Salted 200g,4.2,/,21, Promoted,Add to cart,Save to list
$7.00,$1.40 / 100G,Western Star Spreadable Butter Blend Tub Supersoft 500g,Promoted,Add to cart,Save to list
IN-STORE ONLY,Woolworths Baby Spinach Spinach 280g,View similar,products,             to Woolworths Baby Spinach Spinach 280g,Save to list
$5.00,$2.50 / 100G,Arnotts Tiny Teddy Chocolate Multipack Biscuits 8 Pack,Promoted,Add to cart,Save to list
SAVE $1.20,$2.80,$4.00 - $1.60 / 100G,Arnotts Shapes Cheddar Cracker Biscuits 175g,Promoted,Add to cart,Save to list
SAVE $1.50,$3.50,$5.00 - $1.75 / 100G,Arnotts Shapes Multipack Cracker Biscuits Mini Chicken Crimpy 8 pack,Promoted,Add to cart,Save to list
$1.80,$3.60 / 1KG,Woolworths Baby Carrots 500g,Add to cart,Save to list
$3.00,$1.88 / 100G,YoPRO Danone High Protein Yoghurt No Added Sugar Vanilla 160g,4.6,/,80,Add to cart,Save to list
LOWER AUTUMN PRICE,$21.00,$21.00 / 1KG,RANGE WAS $23.50KG - 25/02/2025,Champagne Leg Ham Sliced From The Deli Per Kg,Add to cart,Save to list
SAVE $2.00,$27.00,$29.00 - $27.00 / 1KG,Ingham's Oven Roasted Turkey Breast Shaved From The Deli Per Kg,Add to cart,Save to list
SAVE $1.00,$3.00,$4.00 - $2.40 / 100G,Arnotts Cruskits Original Crispbreads 125g,Add to cart,Save to list
EVERYDAY LOW PRICE,$1.65,$1.10 / 100G,Woolworths Thin Brown Rice Cakes Original 150g,4.5,/,2080,Add to cart,Save to list
$3.00,$2.00 / 100G,YoPRO High Protein Yoghurt Pouch No Added Sugar Strawberry 150g,4.4,/,86,Add to cart,Save to list
EVERYDAY LOW PRICE,$3.00,$0.44 / 100G,Woolworths Soft White Loaf 680g,4.2,/,600,Afternoon delivery & pick up,Add to cart,Save to list
$2.40,$2.18 / 100G,5 FOR $9.50 - $1.73/100G,Tamar Valley Dairy Kids Greek Yoghurt Pouch Banana 110g,4.7,/,20,Add to cart,Save to list
$5.00,$10.00 / 1KG,Hillview Cheese Slices Full Fat 500g,4.0,/,1091,Add to cart,Save to list
$2.95,$0.74 / 1EA,Woolworths All Butter Croissants 4 Pack,4.6,/,242,Add to cart,Save to list
$5.00,$2.50 / 100G,Arnotts Tiny Teddy Chocolate Multipack Biscuits 8 Pack,Promoted,Add to cart,Save to list
SAVE $1.20,$2.80,$4.00 - $1.60 / 100G,Arnotts Shapes Cheddar Cracker Biscuits 175g,Promoted,Add to cart,Save to list
SAVE $1.50,$3.50,$5.00 - $1.75 / 100G,Arnotts Shapes Multipack Cracker Biscuits Mini Chicken Crimpy 8 pack,Promoted,Add to cart,Save to list
$3.30,$3.14 / 100G,Sunbites Sea Salt Snack Crackers With Quinoa Share Pack 105g,4.7,/,55, Promoted,Add to cart,Save to list
$5.50,$0.97 / 100G,Mission Wraps Original 8 Pack,5.0,/,1,Add to cart,Save to list
$2.20,$1.69 / 100G,5 FOR $8.00 - $1.23/100G,Farmers Union Greek Style Yoghurt Pouch Hint Of Real Mango 130g,Add to cart,Save to list
$3.60,$0.45 / 100G,Woolworths Soft White Loaf 800g,Afternoon delivery & pick up,Add to cart,Save to list
$2.20,$1.69 / 100G,5 FOR $8.00 - $1.23/100G,Farmers Union Greek Style Yoghurt Pouch Passionfruit 130g,Add to cart,Save to list
$1.90,$2.71 / 100G,6 FOR $9.00 - $2.14/100G,Pauls Kids Bluey Vanilla Custard Pouch 70g,Add to cart,Save to list
$4.50,$3.00 / 100G,2 FOR $7.00 - $2.33/100G,Parker's Mini Baked Pretzels Multipack 150g,Add to cart,Save to list
$5.00,$1.32 / 100G,Uno Penotti Hazelnut Spread 380g,Promoted,Add to cart,Save to list
$8.40,$8.40 / 1EA,Sistema Klip It Plus Rectangle 2.2l,1.0,/,1, Promoted,Add to cart,Save to list
$3.80,$4.18 / 100G,Sakata Stars Snack Sized Original Rice Crackers Multipack 13g x 7 Pack,Promoted,Add to cart,Save to list
SAVE $1.50,$3.50,$5.00 - $1.75 / 100G,Arnotts Shapes Multipack Cracker Biscuits Barbecue 8 pack,Promoted,Add to cart,Save to list
$1.10,$1.57 / 100G,6 FOR $5.10 - $1.21/100G,Yoplait Petit Miam Kids Yoghurt Pouch Blueberry 70g,5.0,/,1,Add to cart,Save to list
$15.00,$23.08 / 100ML,Nivea Sun Kids Protect & Play Spf50 Roll-On Sunscreen 65ml,Promoted,Add to cart,Save to list
$7.50,$1.50 / 100G,Devondale Dairy Soft Butter Blend 500g,Add to cart,Save to list
$7.00,$43.75 / 1KG,Bega Cheese Snack Stringers Cheese 160g,5.0,/,3,Add to cart,Save to list
$3.00,$1.88 / 100G,YoPRO Danone High Protein Yoghurt No Added Sugar Strawberry 160g,4.4,/,86,Add to cart,Save to list
$2.10,$1.40 / 100G,Real Foods Corn Thins Multigrain 150g,Add to cart,Save to list
$3.00,$2.00 / 100G,YoPRO High Protein Yoghurt Pouch No Added Sugar Banana 150g,4.4,/,52,Add to cart,Save to list
$5.00,$2.50 / 1L,Woolworths Orange Juice 2l,4.0,/,1306,Add to cart,Save to list
SAVE $0.85,$1.95,$2.80 - $1.39 / 100G,Chobani Fit High Protein Greek Yogurt Pouch Vanilla 140g,Add to cart,Save to list
$5.00,$2.86 / 100G,Arnotts Mini Choc Chip Cookie Multipack Biscuits 7 Pack,Add to cart,Save to list
SAVE $1.30,$3.50,$4.80 - $1.75 / 100G,Parker's Oven Baked Wheat Pretzel Twists Share Pack 200g,4.4,/,26,Add to cart,Save to list
$2.70,$3.00 / 100G,Twisties Cheese Snacks 90g,4.8,/,47,Add to cart,Save to list
$2.70,$1.69 / 100G,Chobani Greek Yogurt Natural Light 160g,Add to cart,Save to list
EVERYDAY LOW PRICE,$3.65,$0.03 / 1EA,Armada Resealable Sandwich Bags 120 Pack,4.8,/,382,Add to cart,Save to list
$2.90,$1.93 / 100G,Pauls Plus Protein Chocolate Yoghurt Pouch No added Sugar 150g,Add to cart,Save to list
$4.00,$4.21 / 100G,2 FOR $7.00 - $3.68/100G,Pringles Minis Multipack Sour Cream & Onion Potato Chips 5 pack,Add to cart,Save to list
$2.95,$0.98 / 1EA,Woolworths All Butter Croissant 3 Pack,4.5,/,148,Add to cart,Save to list
SAVE $1.75,$1.75,$3.50 - $1.25 / 100G,Chobani Flip Greek Yogurt Cookies & Cream Crunch 140g,Add to cart,Save to list
EVERYDAY LOW PRICE,$5.00,$0.71 / 100G,Abbott's Bakery Rustic White Bread Sandwich Slice Loaf 700g,4.8,/,18,Add to cart,Save to list
$5.70,$22.80 / 1KG,Philadelphia Original Cream Cheese Block 250g,Promoted,Add to cart,Save to list
$5.70,$22.80 / 1KG,Philadelphia Original Cream Cheese Spread Tub 250g,Promoted,Add to cart,Save to list
$6.80,$9.07 / 1L,Sanitarium Up&Go Liquid Breakfast Vanilla Ice 3 Pack,Promoted,Add to cart,Save to list
$3.60,$7.20 / 1L,Dairy Farmers Classic Chocolate Milk 500ml,Promoted,Add to cart,Save to list
$3.50,$4.38 / 100G,Cobs Popcorn Sea Salt Gluten Free 80g,4.0,/,1,Add to cart,Save to list
SAVE $1.20,$1.20,$2.40 - $0.86 / 100G,Vaalia Kids Probiotic Yoghurt Pouch Blueberry 140g,Add to cart,Save to list
SAVE $0.85,$1.95,$2.80 - $1.39 / 100G,Chobani Fit High Protein Greek Yogurt Pouch Strawberry 140g,3.0,/,1,Add to cart,Save to list
SAVE $1.20,$1.20,$2.40 - $0.86 / 100G,Vaalia Kids Probiotic Yoghurt Pouch Lactose Free Vanilla 140g,Add to cart,Save to list
$6.00,$24.00 / 1KG,Woolworths Tasty Cheese Block 250g,4.6,/,871,Add to cart,Save to list
SAVE $5.40,$8.10,$13.50,Sistema Hydrate Active Shaker 750ml Each,Promoted,Add to cart,Save to list
EVERYDAY LOW PRICE,$8.00,$1.07 / 100G,Uno Penotti Hazelnut Spread 750g,Promoted,Add to cart,Save to list
SAVE $13.40,$20.10,$33.50,Sistema Double Walled Stainless Steel Water Drink Bottle 1L each,Promoted,Add to cart,Save to list
SAVE $5.30,$7.95,$13.25,DESIGNS MAY VARY,Sistema Hydrate Tritan Water Drink Bottle 800mL Assorted each,Promoted,Add to cart,Save to list
$9.50,$0.95 / 1EA,Woolworths Large Butter Croissant 10 Pack,4.4,/,94,Afternoon delivery & pick up,Add to cart,Save to list
$4.80,$2.40 / 1L,Golden Circle Fruit Drinks Mango Nectar 2l,4.5,/,90,Add to cart,Save to list
$2.60,$1.86 / 100G,Dairy Farmers Thick & Creamy Mango & Fingerlime Yoghurt 140g,Add to cart,Save to list
SAVE $1.00,$7.00,$8.00 - $3.50 / 1L,Nudie 100% Apple Juice 2l,Add to cart,Save to list
EVERYDAY LOW PRICE,$8.00,$1.71 / 100G,Uncle Tobys Muesli Bars Choc Chip 15 Pack,4.1,/,76,Add to cart,Save to list
$3.00,$1.71 / 100G,Woolworths Creme Wafer Mini Biscuits 6 Pack,4.8,/,790,Add to cart,Save to list
SAVE $0.50,$3.00,$3.50 - $0.25 / 1EA,Woolworths Fresh Donuts Cinnamon 12 Pack,4.0,/,1,Afternoon delivery & pick up,Add to cart,Save to list
OUT OF STOCK,Woolworths Kiwi Fruit Green Each,View similar,products,             to Woolworths Kiwi Fruit Green Each,Save to list
SAVE $1.00,$2.20,$3.20 - $1.47 / 100G,Yogo Chocolate With Mini M&M's Custard Dessert 150g,Add to cart,Save to list
$5.00,$4.17 / 100G,Healtheries Potato Stix Chicken Multipack Chips Kids Lunchbox Snacks 20g x 6 Pack,Add to cart,Save to list
$3.50,$3.89 / 100G,Cobs Natural Popcorn Best Ever Butter 90g,Add to cart,Save to list
EVERYDAY LOW PRICE,$3.50,$3.50 / 1L,Diet Rite Cordial Apple Raspberry 1l,Add to cart,Save to list
$3.85,$2.75 / 100G,Gippsland Dairy Lemon Meringue Yoghurt With Mix-Ins 140g,Add to cart,Save to list
$6.00,$2.78 / 100G,Old El Paso Gluten Free Tortilla Fajita Wraps 6 pack,Add to cart,Save to list
SAVE $1.35,$1.35,$2.70 - $1.35 / 1L,Golden Circle Orange Burst Fruit Drink Breakfast Drink 1l,4.9,/,7,Add to cart,Save to list
$6.60,$1.94 / 100G,Capilano 100% Pure Australian Honey Squeeze 340g,Add to cart,Save to list
$5.00,$1.00 / 100G,Meadowlea Original Spread 500g,Add to cart,Save to list
$3.95,$39.50 / 1KG,2 FOR $6.70 - $33.50/1KG,Primo Double Smoked Sliced Leg Ham 100g,Add to cart,Save to list
EVERYDAY LOW PRICE,$4.00,$1.60 / 100G,Arnotts Sao Crackers 250g,Promoted,Add to cart,Save to list
$3.45,$138.00 / 1KG,Kooee Sticks Organic Beef Sea Salt 25g,Promoted,Add to cart,Save to list
SAVE $1.50,$3.50,$5.00 - $1.75 / 100G,Arnotts Shapes Multipack Cracker Biscuits Vegemite & Cheese 8 pack,5.0,/,1, Promoted,Add to cart,Save to list
$4.00,$4.00 / 100G,Pop Box Microwave Popcorn Caramel Crunch Flavour 100g,Promoted,Add to cart,Save to list
$3.30,$18.33 / 1KG,Woolworths Trail Mix 6 Pack,4.2,/,1005,Add to cart,Save to list
SAVE $0.80,$3.00,$3.80 - $1.54 / 100G,Yumi's Mini Hommus 65g x3 Pack,5.0,/,1,Add to cart,Save to list
$35.00,$35.00 / 1KG,Bertocchi Premium Boneless Leg Ham Sliced From The Deli Per Kg,Add to cart,Save to list
$6.50,$0.07 / 1M,Glad Cling Wrap 90m,Add to cart,Save to list
EVERYDAY LOW PRICE,$2.20,$4.40 / 1KG,Woolworths Fruit Salad In Juice Cups 4 Pack,3.7,/,1641,Add to cart,Save to list
EVERYDAY LOW PRICE,$4.90,$1.17 / 100G,Woolworths Choc Chip Muffin 4 Pack,4.7,/,788,Add to cart,Save to list
$2.20,$1.69 / 100G,5 FOR $8.00 - $1.23/100G,Farmers Union Greek Style Kids Yoghurt Pouch Vanilla No Added Sugar 130g,Add to cart,Save to list
LOWER AUTUMN PRICE,$3.50,$1.94 / 100G,RANGE WAS $4 - 25/02/2025,Chris' Dips French Onion 60g x3 Pack,Add to cart,Save to list
$5.50,$0.97 / 100G,Mission Wraps Wholegrain 8 Pack 567g,5.0,/,1,Add to cart,Save to list
$7.90,$3.95 / 100G,Carman's Protein Bars Greek Style Yoghurt & Berry 5 pack,Add to cart,Save to list
SAVE $1.75,$1.75,$3.50 - $1.25 / 100G,Chobani Flip Greek Yogurt Cinnamon Scroll 140g,Add to cart,Save to list
EVERYDAY LOW PRICE,$5.00,$0.67 / 100G,Abbott's Bakery Harvest Seeds & Grains Sandwich Slice Bread Loaf 750g,4.4,/,24,Add to cart,Save to list
SAVE $8.00,$29.00,$37.00 - $29.00 / 1KG,D'Orsogna Premium Ham Off The Bone Sliced From The Deli Per Kg,Add to cart,Save to list
$7.50,$3.57 / 100G,"Carman's Muesli Bars Dark Choc, Cherry & Coconut 6 pack",5.0,/,1,Add to cart,Save to list
$3.80,$0.63 / 1EA,Woolworths Iced Donuts 6 Pack,4.3,/,692,Afternoon delivery & pick up,Add to cart,Save to list
$3.20,$0.64 / 100G,Tablelands Dairy Free Buttery 500g,5.0,/,1,Add to cart,Save to list
SAVE $1.35,$4.50,$5.85 - $90.00 / 1KG,Jack Link's Original Beef Jerky 50g,Add to cart,Save to list
$5.80,$1.16 / 100G,Nuttelex Olive Table Spread 500g,Add to cart,Save to list
$5.50,$2.75 / 1L,Golden Circle Fruit Cup Cordial Pineapple Drink Cordials 2l,4.6,/,80,Add to cart,Save to list
SAVE $0.30,$0.90,$1.20 - $1.29 / 100G,Pauls Kids Yoghurt Pouch Banana 70g,Add to cart,Save to list
SAVE $5.60,$8.40,$14.00,DESIGNS MAY VARY,Sistema ActiveTritan Bottle 800mL Assorted Each,4.3,/,6, Promoted,Add to cart,Save to list
$28.00,$7.00 / 100ML,Nivea Sun Protect & Moisture Lock Spf50+ Sunscreen 400ml,Promoted,Add to cart,Save to list
$21.50,$10.75 / 100ML,Nivea Sun Protect & Moisture Lock Spf50+ Sunscreen 200ml,Promoted,Add to cart,Save to list
$28.00,$9.33 / 100ML,Nivea Sun Protect & Moisture Lock Spf50+ Sunscreen Spray 300ml,Promoted,Add to cart,Save to list
$7.90,$3.95 / 100G,Carman's Protein Bars Salted Dark Choc & Almond 5 pack,Add to cart,Save to list
$6.50,$6.50 / 100G,Vege Chips Deli Crisps Original 100g,Add to cart,Save to list
$3.00,$2.14 / 100G,Vitasoy Oat Yoghurt Summer Fruits 140g,Promoted,Add to cart,Save to list
SAVE $1.00,$3.50,$4.50 - $2.80 / 100G,Obela Hi-Protein To Go Jalapeno Hommus 125g,Promoted,Add to cart,Save to list
$5.50,$14.67 / 1L,The Man Shake Fuel Chocolate Health Shake 375mL,Promoted,Add to cart,Save to list
$9.50,$3.80 / 100G,Egmont Honey Manuka Honey MGO 30+ 250g,Promoted,Add to cart,Save to list
IN-STORE ONLY,Woolworths No Added Sugar Greek Style Strawberry Yoghurt 110g,4.4,/,486,View similar,products,             to Woolworths No Added Sugar Greek Style Strawberry Yoghurt 110g,Save to list
$2.70,$1.93 / 100G,Vitasoy Greek Style Soy Yogurt Hint Of Strawberry 140g,Promoted,Add to cart,Save to list
$2.70,$1.93 / 100G,Vitasoy Greek Style Soy Yogurt Hint Of Mango & Passionfruit 140g,Promoted,Add to cart,Save to list
$5.50,$5.00 / 100G,Arnotts Gluten Free Shapes Barbecue 110g,Promoted,Add to cart,Save to list
$3.00,$2.14 / 100G,Vitasoy Oat Yoghurt Blueberry 140g,Promoted,Add to cart,Save to list
$4.50,$4.89 / 100G,2 FOR $7.00 - $3.80/100G,Kettle Multipack Sea Salt 5 Pack,Add to cart,Save to list
$5.00,$2.50 / 100G,Arnotts Mini Scotch Finger Multipack Biscuits 8 Pack,Add to cart,Save to list
$21.00,$21.00 / 1KG,Moira Mac's Chicken Breast Supreme Shaved From The Deli Per kg,Add to cart,Save to list
$2.70,$4.50 / 100G,Smith's Crinkle Cut Potato Chips Original 60g,Add to cart,Save to list
$6.00,$8.57 / 100G,Carman's Apple & Blueberry Fruit Straps 5 Pack,Add to cart,Save to list
IN-STORE ONLY,Radish Fresh Bunch,Add to cart,Save to list
LOWER AUTUMN PRICE,$3.00,$0.20 / 1EA,WAS $3.30 - 31/03/2025,Hercules Resealable Twin Zip Medium Storage Bag 15 Pack,5.0,/,1,Add to cart,Save to list
LOWER AUTUMN PRICE,$2.55,$0.10 / 1EA,WAS $2.85 - 27/03/2025,Hercules Click Zip Large Resealable Twinzip Sandwich Bags 25 Pack,Add to cart,Save to list
$4.50,$90.00 / 1KG,2 FOR $6.70 - $67.00/1KG,Primo Stackers Leg Ham Cheese & Crackers 50g,Add to cart,Save to list
EVERYDAY LOW PRICE,$4.90,$1.17 / 100G,Woolworths Blueberry Muffins 4 Pack,4.7,/,806,Add to cart,Save to list
EVERYDAY LOW PRICE,$3.70,$2.47 / 1L,Woolworths Fruit Drink 35% Orange Mango Juice Multipack 250mL x 6 pack,4.1,/,635,Add to cart,Save to list
$3.95,$39.50 / 1KG,2 FOR $6.70 - $33.50/1KG,Primo English Style Sliced Leg Ham 100g,4.0,/,1,Add to cart,Save to list
$4.00,$4.00 / 100G,Pop Box Butter Flavour Microwave Popcorn 100g,Promoted,Add to cart,Save to list
$11.00,$4.40 / 100G,Egmont Honey Manuka Honey MGO 50+ 250g,Promoted,Add to cart,Save to list
SAVE $9.10,$13.65,$22.75,DESIGNS MAY VARY,Sistema Stainless Steel Water Drink Bottle 500mL Assorted each,1.0,/,1, Promoted,Add to cart,Save to list
$23.50,$11.75 / 100ML,Nivea Sun Ultra Sport Cooling Spf50+ Sunscreen Spray 200ml,Promoted,Add to cart,Save to list
$2.70,$4.50 / 100G,Smith's Crinkle Cut Potato Chips Original 60g,4.7,/,51,Add to cart,Save to list
$6.00,$0.86 / 100G,Burgen Soy & Linseed Low GI Sliced Bread Loaf Bakery 700g,Add to cart,Save to list
$7.90,$3.95 / 100G,"Carman's Protein Bars Coconut, Yoghurt & Roasted Nut 5 pack",Add to cart,Save to list
$3.85,$2.75 / 100G,Gippsland Dairy Passionfruit Pavlova Yoghurt 140g,Add to cart,Save to list
EVERYDAY LOW PRICE,$2.80,$0.40 / 100G,Woolworths Multigrain Soft Sandwich Bread 700g,4.4,/,495,Add to cart,Save to list
$5.00,$6.67 / 1L,Bickford's Lime Cordial 750ml,Add to cart,Save to list
SAVE $2.30,$3.45,$5.75 - $0.69 / 100G,Activia Danone Probiotic Yoghurt No Added Sugar Vanilla 125g x 4 Pack,4.7,/,54,Add to cart,Save to list
SAVE $1.00,$3.00,$4.00 - $1.20 / 100G,Arnotts Vita Weat Sesame Crispbreads 250g,Add to cart,Save to list
EVERYDAY LOW PRICE,$14.00,$18.67 / 1KG,Bega Tasty Cheese Slices 750g,Add to cart,Save to list
EVERYDAY LOW PRICE,$4.00,$12.31 / 1L,Yakult Probiotic Drink Light 5x65ml,Add to cart,Save to list
EVERYDAY LOW PRICE,$6.50,$0.68 / 100G,Yoplait Berry Punnet Mixed Yoghurts 6 Pack,Add to cart,Save to list
EVERYDAY LOW PRICE,$3.90,$1.95 / 100G,Annabel Karmel Little Meals Mac & Cheese Pasta 200G,4.6,/,15,Add to cart,Save to list
EVERYDAY LOW PRICE,$4.10,$0.59 / 100G,Tip Top Sunblest White Sandwich Bread 700G,Add to cart,Save to list
EVERYDAY LOW PRICE,$12.50,$3.13 / 100G,Carman's Protein Bars Double Dark Choc with Belgian Chocolate 10 pack,Add to cart,Save to list
$2.40,$1.71 / 100G,Pauls Custard Pouch Vanilla 140g,Add to cart,Save to list
$6.25,$1.42 / 100G,Woolworths Free From Gluten White Bread Loaf 440g,3.5,/,532,Add to cart,Save to list
EVERYDAY LOW PRICE,$13.50,$18.00 / 1KG,Bega Tasty Cheese Block 750g,Add to cart,Save to list
$5.50,$2.97 / 100G,Kellogg's k-Time Baked Twists Raspberry & Apple Flavour Snack Bars 5 Pack,Add to cart,Save to list
$5.00,$6.67 / 1L,Bickford's Lemon Cordial 750ml,Add to cart,Save to list
SAVE $1.00,$3.00,$4.00 - $2.40 / 100G,Arnotts Cruskits Original Crispbreads 125g,Promoted,Add to cart,Save to list
EVERYDAY LOW PRICE,$6.50,$1.73 / 100G,Arnotts Shapes Multipack Cracker Biscuits Variety 15 pack,Promoted,Add to cart,Save to list
$5.00,$2.86 / 100G,Arnotts Mini Choc Chip Cookie Multipack Biscuits 7 Pack,Promoted,Add to cart,Save to list
EVERYDAY LOW PRICE,$6.50,$1.73 / 100G,Arnotts Tiny Teddy Variety Multipack Biscuits 15 Pack,Promoted,Add to cart,Save to list
EVERYDAY LOW PRICE,$3.95,$0.90 / 100G,Dairy Farmers Thick & Creamy Vanilla Yoghurt 4 Pack,Add to cart,Save to list
EVERYDAY LOW PRICE,$3.00,$0.44 / 100G,Woolworths Wholemeal Loaf 680g,4.1,/,539,Afternoon delivery & pick up,Add to cart,Save to list
$4.50,$4.41 / 100G,2 FOR $7.00 - $3.43/100G,Cheetos Cheese & Bacon Balls Multipack Snacks 6 Pack,4.5,/,4,Add to cart,Save to list
EVERYDAY LOW PRICE,$3.35,$0.56 / 1EA,Woolworths Jumbo Crusty Tiger Rolls 6 pack,4.7,/,19,Afternoon delivery & pick up,Add to cart,Save to list
$4.50,$100.00 / 1KG,2 FOR $6.70 - $74.44/1KG,Primo Stackers Salami Rice Cheese & Crackers 45g,Add to cart,Save to list
EVERYDAY LOW PRICE,$7.50,$3.29 / 100G,Pringles Minis Variety Mix Potato Chips 12 Pack 228g,Add to cart,Save to list
SAVE $0.65,$2.30,$2.95 - $24.21 / 1KG,Sirena Tuna La Vita Lite In Oil 95g,Add to cart,Save to list
$3.00,$1.21 / 100G,Woolworths Muesli Bar Choc Chip 8 Pack,3.6,/,238,Add to cart,Save to list
$1.80,$1.38 / 100G,5 FOR $6.50 - $1.00/100G,Yoplait Yop Yoghurt With Probiotics No Sugar Added Strawberry Pouch 130g,Add to cart,Save to list
EVERYDAY LOW PRICE,$1.35,$1.23 / 100G,Woolworths No Added Sugar Greek Style Blueberry Yoghurt 110g,4.2,/,866,Add to cart,Save to list
EVERYDAY LOW PRICE,$6.00,$3.33 / 100G,Jumpy's Variety Multi Pack Chips 10 Pack,Add to cart,Save to list
$8.00,$1.33 / 100G,Pauls Kids Despicable Me Minions Chocolate Mousse 50g x 12 pack,5.0,/,1,Add to cart,Save to list
$7.30,$1.33 / 100G,Tip Top The One Gluten Free Smooth Wholegrain Bread Loaf Bakery 550g,Add to cart,Save to list
$2.80,$1.75 / 100G,Chobani Fit High Protein Greek Yogurt Pot Tropical 160g,Add to cart,Save to list
$2.70,$1.93 / 100G,Chobani Mango Greek Yogurt Pouch 140g,Add to cart,Save to list
LOWER AUTUMN PRICE,$2.00,$0.05 / 1EA,WAS $2.35 - 27/03/2025,Hercules Click Zip Resealable Sandwich Bags 40 Pack,Add to cart,Save to list
EVERYDAY LOW PRICE,$2.30,$1.44 / 100G,Pauls Plus Protein Vanilla Yoghurt 160g,4.5,/,19,Add to cart,Save to list
SAVE $2.00,$6.80,$8.80 - $0.68 / 100G,Jalna Lactose Free Greek Yoghurt 1kg,Add to cart,Save to list
$3.85,$2.75 / 100G,Gippsland Dairy Custard Tart Flavoured Yogurt 140g,Add to cart,Save to list
$4.15,$8.30 / 1L,Dare No Added Sugar Double Espresso Iced Coffee 500ml,Add to cart,Save to list
SAVE $1.00,$3.00,$4.00 - $1.20 / 100G,Arnotts Vita Weat 9 Grain Crispbreads 250g,Promoted,Add to cart,Save to list
$5.00,$2.50 / 100G,Arnotts Tiny Teddy Chocolate Multipack Biscuits 8 Pack,Promoted,Add to cart,Save to list
SAVE $1.20,$2.80,$4.00 - $1.60 / 100G,Arnotts Shapes Cheddar Cracker Biscuits 175g,Promoted,Add to cart,Save to list
SAVE $1.50,$3.50,$5.00 - $1.75 / 100G,Arnotts Shapes Multipack Cracker Biscuits Mini Chicken Crimpy 8 pack,Promoted,Add to cart,Save to list
$5.70,$22.80 / 1KG,Philadelphia Light Cream Cheese Spread Tub 250g,Add to cart,Save to list
$6.20,$7.38 / 100G,Table Of Plenty Mini Rice Cakes Snack Packs Caramel White Choc 6 pack,Promoted,Add to cart,Save to list
$9.20,$38.33 / 1KG,Bega Cheese Snack Stringers Cheese 240g,Add to cart,Save to list
$3.85,$3.85 / 1L,Evian Natural Mineral Water 1l,5.0,/,1,Add to cart,Save to list
$6.00,$3.00 / 100G,Golden Days Fruit Snacks Bites Apricot 5x40g,4.7,/,30,Add to cart,Save to list
SAVE $0.90,$4.00,$4.90 - $2.00 / 100G,Mountain Bread Rye Wraps 200g,5.0,/,1,Add to cart,Save to list
$4.00,$0.40 / 1M,Multix Green Alfoil 10m,Add to cart,Save to list
EVERYDAY LOW PRICE,$4.20,$2.80 / 1L,Woolworths Apple & Blackcurrant Juice Multipack 250mL x 6 pack,4.5,/,1131,Add to cart,Save to list
$5.50,$0.61 / 1EA,Woolworths Cup Cake Mini Iced 9 Pack,4.7,/,866,Add to cart,Save to list
SAVE $0.30,$1.90,$2.20 - $9.50 / 1L,Nudie Nothing But Tropical Fruit Juice 200ml,Add to cart,Save to list
SAVE $1.50,$4.00,$5.50 - $4.26 / 100G,Uncle Tobys Roll-Ups Rainbow Fruit Salad 6 Pack,2.5,/,23,Add to cart,Save to list
EVERYDAY LOW PRICE,$2.80,$0.09 / 1EA,Armada Resealable Sandwich Bag 30 Pack,4.6,/,785,Add to cart,Save to list
$3.00,$60.00 / 1KG,2 FOR $5.50 - $55.00/1KG,Mainland Cheese Snack with Crackers Tasty Cheese 50g,Add to cart,Save to list
SAVE $1.10,$4.00,$5.10 - $2.67 / 1L,Golden Circle Apple Raspberry Poppers Lunch Box Fruit Drink Multipack 250ml x6 Pack,4.3,/,39,Add to cart,Save to list
EVERYDAY LOW PRICE,$3.30,$1.38 / 100G,Mother Earth Golden Baked Oaty Slice Golden Oats 6 Pack 240g,Add to cart,Save to list
$6.00,$2.00 / 100G,Beerenberg Strawberry Jam 300g,Add to cart,Save to list
EVERYDAY LOW PRICE,$2.00,$40.00 / 1KG,Curly's Oven Roasted Pork Crackle Lightly Salted 50g,4.1,/,1288,Add to cart,Save to list
EVERYDAY LOW PRICE,$17.50,$5.83 / 1L,Sanitarium Up&Go Liquid Breakfast Vanilla Ice 12 Pack,5.0,/,3,Add to cart,Save to list
OUT OF STOCK,Capilano Hot Chilli Honey Squeeze Bottle 340g,Add to cart,Save to list
$6.00,$4.00 / 100G,The Happy Snack Company Roasted Fava Beans Lightly Salted 6 Pack,4.8,/,22, Promoted,Add to cart,Save to list
SAVE $1.30,$4.70,$6.00 - $3.09 / 100G,Nature Valley Peanut & Chocolate Protein Bars 4 pack,Promoted,Add to cart,Save to list
$6.00,$4.00 / 100G,The Happy Snack Company Roasted Fava Beans Red Pepper & Chilli 6 Pack,4.8,/,18, Promoted,Add to cart,Save to list
SAVE $1.30,$4.70,$6.00 - $3.09 / 100G,Nature Valley Salted Caramel Protein Bars 4 pack,Promoted,Add to cart,Save to list
$4.50,$90.00 / 1KG,2 FOR $6.70 - $67.00/1KG,Primo Trios Cabanossi Cheese & Jatz Crackers 50g,Add to cart,Save to list
EST. RESTOCK 09/04/25,Simson's Pantry Low Carb High Protein + Fibre Large Wraps 6 Pack,View similar,products,             to Simson's Pantry Low Carb High Protein + Fibre Large Wraps 6 Pack,Save to list
$3.60,$0.45 / 100G,Woolworths Wholemeal Loaf 800g,4.3,/,522,Afternoon delivery & pick up,Add to cart,Save to list
$6.50,$3.25 / 1L,Golden Circle Orange Juice No Added Sugar Fruit Juices Oj 2l,4.3,/,47,Add to cart,Save to list
$5.50,$2.97 / 100G,Kellogg's k-Time Baked Twists Strawberry & Blueberry Flavour Snack Bars 5 Pack,Add to cart,Save to list
EVERYDAY LOW PRICE,$1.35,$1.23 / 100G,Woolworths No Added Sugar Greek Style Vanilla Yoghurt 110g,4.0,/,981,Add to cart,Save to list
$5.00,$1.32 / 100G,Uno Penotti Hazelnut Spread 380g,Promoted,Add to cart,Save to list
$8.40,$8.40 / 1EA,Sistema Klip It Plus Rectangle 2.2l,1.0,/,1, Promoted,Add to cart,Save to list
$3.80,$4.18 / 100G,Sakata Stars Snack Sized Original Rice Crackers Multipack 13g x 7 Pack,Promoted,Add to cart,Save to list
SAVE $1.50,$3.50,$5.00 - $1.75 / 100G,Arnotts Shapes Multipack Cracker Biscuits Barbecue 8 pack,Promoted,Add to cart,Save to list
SAVE $1.65,$3.85,$5.50 - $2.01 / 100G,Nice & Natural Nut Bar Trail Mix 6 Pack,Add to cart,Save to list
SAVE $2.20,$9.00,$11.20 - $45.00 / 1KG,Babybel Cheese Portions 200g,Add to cart,Save to list
SAVE $1.50,$3.50,$5.00 - $1.75 / 100G,Arnotts Shapes Multipack Cracker Biscuits Pizza 8 pack,Add to cart,Save to list
SAVE $1.50,$4.00,$5.50 - $0.79 / 100G,Helga's Wraps Mixed Grain 8 Pack,5.0,/,1,Add to cart,Save to list
$8.00,$2.29 / 100G,2 FOR $15.00 - $2.14/100G,Woolworths Macaroni & Cheese Chilled Meal 350g,3.4,/,331,Add to cart,Save to list
EVERYDAY LOW PRICE,$5.50,$1.72 / 100G,Woolworths Free From Gluten White Burger Buns 4 Pack,3.9,/,506,Add to cart,Save to list
SAVE $2.30,$3.45,$5.75 - $0.69 / 100G,Activia Danone Probiotic Yoghurt No Added Sugar Mango 125g x 4 Pack,4.5,/,47,Add to cart,Save to list
SAVE $1.65,$3.85,$5.50 - $2.01 / 100G,Nice & Natural Roasted Peanut & Cashew Bar With Milk Chocolate Drizzle 6 Pack,Add to cart,Save to list
$6.00,$3.00 / 1L,Woolworths Orange Juice Pulp Free 2l,4.4,/,534,Add to cart,Save to list
$2.20,$1.69 / 100G,Five:Am Organic Kids No Added Sugar Pouch Strawberry 130g,Add to cart,Save to list
$11.95,$3.51 / 100G,2 FOR $20.00 - $2.94/100G,My Muscle Chef Crumbed Chicken Roasted Potatoes Chilled Meal 340g,Add to cart,Save to list
LOWER AUTUMN PRICE,$4.50,$1.29 / 100G,RANGE WAS $5 - 25/02/2025,McCain Spinach & Ricotta Ravioli Healthy Choice Frozen Meal 350g,4.3,/,29,Add to cart,Save to list
EVERYDAY LOW PRICE,$3.00,$0.04 / 1EA,Multix Easy Tear Off Freezer Bags Medium 80 Pack,Add to cart,Save to list
$3.80,$2.11 / 100G,Obela Smooth Classic Hommus To Go Singles 60g x3 Pack,Add to cart,Save to list
$2.70,$1.69 / 100G,Chobani Greek Yogurt Lemon 160g,Add to cart,Save to list
$5.25,$1.05 / 100G,Flora Margarine Spread Buttery 500g,Add to cart,Save to list
$2.40,$1.71 / 100G,Pauls Kids Avengers Chocolate Custard Pouch 140g,Add to cart,Save to list
EVERYDAY LOW PRICE,$2.30,$1.44 / 100G,Pauls Plus Protein Blueberry Yoghurt 160g,4.4,/,20,Add to cart,Save to list
SAVE $1.40,$5.30,$6.70 - $7.07 / 1L,Sustagen High Protein Nutrition Top-Up Vanilla Flavour Ready To Drink 250mL x 3 pack,Promoted,Add to cart,Save to list
SAVE $2.20,$4.70,$6.90 - $1.87 / 100G,Nature Valley Crunchy Variety Granola Bars 42g x 6 pack,Promoted,Add to cart,Save to list
SAVE $2.20,$4.70,$6.90 - $1.87 / 100G,Nature Valley Crunchy Oats & Honey Granola Bars 42g x 6 pack,Promoted,Add to cart,Save to list
$15.00,$15.00 / 1EA,Sistema Klip It Plus Rectangle 1l 3 Pack,5.0,/,1, Promoted,Add to cart,Save to list
SAVE $1.35,$1.35,$2.70 - $1.35 / 1L,Golden Circle Drinks Pine Mango Fruit Drink 1l,4.3,/,39,Add to cart,Save to list
$7.90,$1.58 / 100G,Abbott's Bakery Gluten Free Mixed Seeds Sandwich Slice Bread Loaf 500g,4.8,/,4,Add to cart,Save to list
EVERYDAY LOW PRICE,$3.90,$1.95 / 100G,Annabel Karmel Little Meals Cottage Pie 200g,4.6,/,28,Add to cart,Save to list
OUT OF STOCK,Perfection Romatherapy Baby Roma Tomato 250g Punnet,View similar,products,             to Perfection Romatherapy Baby Roma Tomato 250g Punnet,Save to list
EVERYDAY LOW PRICE,$9.90,$9.90 / 1KG,White Label Colby Cheese Block 1kg,5.0,/,2,Add to cart,Save to list
NEW,$2.75,$0.61 / 100G,Woolworths Family Size Jasmine Rice 450g,Add to cart,Save to list
EVERYDAY LOW PRICE,$5.20,$4.33 / 1L,Woolworths Strawberry Milk 6x200ml,4.3,/,765,Add to cart,Save to list
$7.90,$1.58 / 100G,Abbott's Bakery Gluten Free Rustic White Bread Slice Loaf 500g,4.8,/,6,Add to cart,Save to list
$2.70,$3.38 / 100G,Cheetos Puffs Flavoured Snacks 80g,4.9,/,8,Add to cart,Save to list
EVERYDAY LOW PRICE,$1.10,$12.22 / 1KG,Woolworths Apple Puree In Pouch 90g,3.6,/,1152,Add to cart,Save to list
EVERYDAY LOW PRICE,$8.00,$0.67 / 100G,Yoplait Vanilla 12 Pack,Add to cart,Save to list
EVERYDAY LOW PRICE,$6.50,$0.68 / 100G,Yoplait Vanilla Yoghurts 6 Pack,Add to cart,Save to list
$4.90,$4.90 / 1KG,Mi Apple Punnet 1Kg,Add to cart,Save to list
$5.50,$2.97 / 100G,Kellogg's k-Time Baked Twists Strawberry & Yoghurt Flavour Snack Bars 5 Pack,Add to cart,Save to list
LOWER AUTUMN PRICE,$3.80,$1.46 / 100G,RANGE WAS $4.50 - 25/02/2025,On The Menu Beef Ragu Pappardelle Frozen Meal 260g,4.5,/,49,Add to cart,Save to list
$5.70,$22.80 / 1KG,Philadelphia Original Cream Cheese Block 250g,Promoted,Add to cart,Save to list
$5.70,$22.80 / 1KG,Philadelphia Original Cream Cheese Spread Tub 250g,Promoted,Add to cart,Save to list
$6.80,$9.07 / 1L,Sanitarium Up&Go Liquid Breakfast Vanilla Ice 3 Pack,Promoted,Add to cart,Save to list
$2.50,$5.00 / 100G,Gold Medal Snacks Single Pack Pork Krackles 50g,Promoted,Add to cart,Save to list
$2.80,$1.75 / 100G,Chobani Fit High Protein Greek Yogurt Pot Salted Caramel 160g,Add to cart,Save to list
$2.30,$1.53 / 100G,Nestle Milo Energy Dairy Snack 40% Less Added Sugar 150g,Add to cart,Save to list
$25.00,DESIGNS MAY VARY,Contigo Kids Aubrey Water Bottle Assorted each,Promoted,Add to cart,Save to list
$3.00,$1.21 / 100G,Woolworths Muesli Bars Yoghurt & Strawberry 248g 8 Pack,3.6,/,73,Add to cart,Save to list
LOWER AUTUMN PRICE,$6.50,$2.03 / 100G,RANGE WAS $7.50 - 25/02/2025,McCain Dinner Roast Lamb Frozen Meal 320g,3.8,/,40,Add to cart,Save to list
SAVE $2.00,$10.00,$12.00 - $0.83 / 1EA,Bakery Du Jour All Butter Croissants 12 pack,Add to cart,Save to list
SAVE $1.40,$5.50,$6.90 - $1.49 / 100G,Bonne Maman Strawberry Conserve 370g,Add to cart,Save to list
EVERYDAY LOW PRICE,$2.30,$1.44 / 100G,Pauls Plus Protein Strawberry Yoghurt 160g,4.6,/,19,Add to cart,Save to list
EVERYDAY LOW PRICE,$3.90,$1.95 / 100G,Annabel Karmel Little Meals Butter Chicken & Rice 200G,5.0,/,20,Add to cart,Save to list
$13.00,$13.00 / 1KG,Woolworths Sandwich Cheese Slices 1kg,4.1,/,788,Add to cart,Save to list
$2.70,$4.50 / 100G,Smith's Crinkle Cut Potato Chips Chicken 60g,4.3,/,11,Add to cart,Save to list
$5.70,$35.63 / 1KG,Woolworths Natural Cheese Sticks 160g,4.4,/,749,Add to cart,Save to list
$6.20,$7.38 / 100G,Table Of Plenty Mini Rice Cakes Milk Chocolate Snack Packs 6 pack,Add to cart,Save to list
EVERYDAY LOW PRICE,$4.40,$36.67 / 1KG,Woolworths Light Tasty Cheese & Crackers 120g,4.6,/,570,Add to cart,Save to list
$7.80,$1.56 / 100G,Helga's Gluten Free Wholemeal Loaf 500g,Add to cart,Save to list
EVERYDAY LOW PRICE,$1.10,$12.22 / 1KG,Woolworths Apple & Strawberry Puree In Pouch 90g,Add to cart,Save to list
EVERYDAY LOW PRICE,$4.00,$0.50 / 100G,Woolworths Wise Wheat Hi Fibre White Loaf 800g,4.4,/,246,Afternoon delivery & pick up,Add to cart,Save to list
EVERYDAY LOW PRICE,$5.50,$12.94 / 1KG,John West Chunky Tuna In Olive Oil Blend 425g,3.4,/,5,Add to cart,Save to list
$3.95,$39.50 / 1KG,2 FOR $6.70 - $33.50/1KG,Primo Manuka Honey Sliced Leg Ham 100g,Add to cart,Save to list
$7.90,$3.95 / 100G,Carman's Protein Bars Voilet Crumble Limited Edition 200g x 5 pack,Add to cart,Save to list
$5.00,$0.95 / 100G,Simson's Pantry Premium White Large Wraps 8 Pack,Add to cart,Save to list
$12.60,$8.40 / 1L,Sanitarium Up&Go Liquid Breakfast Banana 6 Pack,5.0,/,1, Promoted,Add to cart,Save to list
SAVE $6.60,$15.40,$22.00 - $17.50 / 100ML,Neutrogena Ultra Sheer Face Lotion Sunscreen Spf 50 88ml,Promoted,Add to cart,Save to list
SAVE $8.10,$18.90,$27.00 - $47.25 / 100ML,Neutrogena Ultra Sheer Fluid Facial Sunscreen Spf50 40ml,Promoted,Add to cart,Save to list
$15.00,$23.08 / 100ML,Nivea Sun Kids Protect & Play Spf50 Roll-On Sunscreen 65ml,Promoted,Add to cart,Save to list
EVERYDAY LOW PRICE,$7.00,$1.75 / 100G,Macro Organic Honey 400g,4.7,/,755,Add to cart,Save to list
EVERYDAY LOW PRICE,$4.00,$1.60 / 100G,Arnotts Sao Crackers 250g,Promoted,Add to cart,Save to list
$3.45,$138.00 / 1KG,Kooee Sticks Organic Beef Sea Salt 25g,Promoted,Add to cart,Save to list
SAVE $1.50,$3.50,$5.00 - $1.75 / 100G,Arnotts Shapes Multipack Cracker Biscuits Vegemite & Cheese 8 pack,5.0,/,1, Promoted,Add to cart,Save to list
SAVE $0.60,$2.40,$3.00 - $1.50 / 100G,Gippsland Dairy Passionfruit Twist Yoghurt 160g,Add to cart,Save to list
$2.60,$1.86 / 100G,Dairy Farmers Thick & Creamy Pineapple & Passionfruit Yoghurt 140g,Add to cart,Save to list
$6.00,$4.00 / 1L,Pop Tops Fruit Drink Apple Blackcurrant Poppers Multipack Lunch Box 250ml x 6 Pack,Add to cart,Save to list
EVERYDAY LOW PRICE,$3.95,$0.90 / 100G,Dairy Farmers Thick & Creamy Strawberry Yoghurt 4 Pack,Add to cart,Save to list
OUT OF STOCK,P&N Pineapple Juice 2l,View similar,products,             to P&N Pineapple Juice 2l,Save to list
NEW,$2.75,$0.61 / 100G,Woolworths Family Size Basmati Rice 450g,Add to cart,Save to list
SAVE $2.30,$3.45,$5.75 - $0.69 / 100G,Activia Danone Probiotic Yoghurt No Added Sugar Berries 125g x 4 Pack,4.7,/,57,Add to cart,Save to list
$3.50,$0.88 / 1EA,Woolworths Iced Fruitless Finger Buns 4 pack,4.5,/,618,Afternoon delivery & pick up,Add to cart,Save to list
SAVE $1.50,$9.50,$11.00 - $19.00 / 1KG,Mainland Tasty Cheese Block 500g,5.0,/,2,Add to cart,Save to list
$3.95,$49.38 / 1KG,2 FOR $6.70 - $41.88/1KG,Primo Pastrami Sliced 80g,Add to cart,Save to list
$7.90,$5.27 / 100G,"Carman's Protein Bars Seed & Plant, Raspberry & Pistachio 5 pack",5.0,/,1,Add to cart,Save to list
EVERYDAY LOW PRICE,$4.00,$1.60 / 100G,Arnotts Sao Crackers 250g,Promoted,Add to cart,Save to list
$3.45,$138.00 / 1KG,Kooee Sticks Organic Beef Sea Salt 25g,Promoted,Add to cart,Save to list
SAVE $1.50,$3.50,$5.00 - $1.75 / 100G,Arnotts Shapes Multipack Cracker Biscuits Vegemite & Cheese 8 pack,5.0,/,1, Promoted,Add to cart,Save to list
SAVE $5.30,$7.95,$13.25,DESIGNS MAY VARY,Sistema Hydrate Tritan Water Drink Bottle 800mL Assorted each,Promoted,Add to cart,Save to list
$22.00,$11.96 / 100G,Neutrogena Beach Defence Spray Sunscreen Spf 50 184g,Promoted,Add to cart,Save to list
SAVE $5.60,$8.40,$14.00,DESIGNS MAY VARY,Sistema ActiveTritan Bottle 800mL Assorted Each,4.3,/,6, Promoted,Add to cart,Save to list
SAVE $0.80,$3.40,$4.20 - $1.09 / 100G,Mission White Corn Gluten-Free Tortillas 12 Pack,Add to cart,Save to list
$3.40,$103.03 / 1KG,Arnotts Jatz Cracker Biscuits & Tasty Cheese 33g,Add to cart,Save to list
EVERYDAY LOW PRICE,$3.50,$3.50 / 1L,Diet Rite Cordial Lime 1l,Add to cart,Save to list
SAVE $0.35,$1.65,$2.00 - $20.63 / 100G,Little Bellies Organic Banana Softcorn 8g,3.0,/,1,Add to cart,Save to list
$5.50,$1.53 / 100G,Abe's Bagels Low Carb 360g,Add to cart,Save to list
EVERYDAY LOW PRICE,$5.50,$13.25 / 1KG,Woolworths Salmon Pink 415g,4.4,/,639,Add to cart,Save to list
LOWER AUTUMN PRICE,$4.90,$1.31 / 100G,RANGE WAS $5.80 - 25/02/2025,Bega Peanut Butter Smooth 375g,Add to cart,Save to list
$5.50,$2.34 / 100G,Vegemite Salt Reduced 40% Less Salt 235g,Add to cart,Save to list
SAVE $0.60,$2.40,$3.00 - $2.00 / 100G,Golden Days Snacks Sesame Snaps 3x40g,4.8,/,51,Add to cart,Save to list
$4.80,$1.20 / 1EA,Woolworths Cheese and Bacon Rolls 4 pack,4.0,/,548,Afternoon delivery & pick up,Add to cart,Save to list
SAVE $5.30,$7.95,$13.25,DESIGNS MAY VARY,Sistema Hydrate Tritan Water Drink Bottle 800mL Assorted each,Promoted,Add to cart,Save to list
$22.00,$11.96 / 100G,Neutrogena Beach Defence Spray Sunscreen Spf 50 184g,Promoted,Add to cart,Save to list
SAVE $5.60,$8.40,$14.00,DESIGNS MAY VARY,Sistema ActiveTritan Bottle 800mL Assorted Each,4.3,/,6, Promoted,Add to cart,Save to list
$28.00,$7.00 / 100ML,Nivea Sun Protect & Moisture Lock Spf50+ Sunscreen 400ml,Promoted,Add to cart,Save to list
SAVE $1.60,$5.00,$6.60 - $25.00 / 1KG,Don Double Smoked Leg Ham 200g,5.0,/,1,Add to cart,Save to list
$3.00,$2.14 / 100G,Vitasoy Oat Yoghurt Summer Fruits 140g,Promoted,Add to cart,Save to list
SAVE $1.00,$3.50,$4.50 - $2.80 / 100G,Obela Hi-Protein To Go Jalapeno Hommus 125g,Promoted,Add to cart,Save to list
$5.50,$14.67 / 1L,The Man Shake Fuel Chocolate Health Shake 375mL,Promoted,Add to cart,Save to list
$9.50,$3.80 / 100G,Egmont Honey Manuka Honey MGO 30+ 250g,Promoted,Add to cart,Save to list
$3.30,$3.14 / 100G,Sunbites Sea Salt Snack Crackers With Quinoa Share Pack 105g,4.7,/,55,Add to cart,Save to list
SAVE $1.50,$4.00,$5.50 - $4.26 / 100G,Uncle Tobys Roll-Ups Rainbow Berry 6 Pack,4.0,/,9,Add to cart,Save to list
EVERYDAY LOW PRICE,$3.00,$0.50 / 1EA,Woolworths Soft Damper Rolls 6 pack,4.5,/,717,Afternoon delivery & pick up,Add to cart,Save to list
$3.80,$3.30 / 100G,Ceres Organics Brown Rice Crackers Chia 115g,4.9,/,21,Add to cart,Save to list
$8.00,$2.00 / 100G,Hellmann's Real Mayonnaise Squeeze 400 g,Add to cart,Save to list
$6.00,$2.14 / 100G,Lean Cuisine Thai Green Chicken Curry With Rice Frozen Meal 280g,Add to cart,Save to list
$8.00,$2.29 / 100G,2 FOR $15.00 - $2.14/100G,Woolworths Spaghetti Bolognese Chilled Meal 350g,4.0,/,437,Add to cart,Save to list
SAVE $0.35,$1.65,$2.00 - $13.75 / 100G,Little Bellies Organic Puffs Apple & Cinnamon 12g,4.3,/,28,Add to cart,Save to list
EVERYDAY LOW PRICE,$1.80,$0.12 / 1EA,Armada Resealable Large Storage Bag 15 Pack,4.7,/,588,Add to cart,Save to list
$28.50,$28.50 / 1KG,Primo Roast Pork Sliced From The Deli Per kg,Add to cart,Save to list
SAVE $0.85,$6.60,$7.45 - $5.50 / 1L,Devondale Moo Chocolate Long Life Lunchbox Milk 200mL x 6 pack,Add to cart,Save to list
LOWER AUTUMN PRICE,$5.20,$4.33 / 1L,RANGE WAS $6.50 - 25/02/2025,Just Juice Apple Juice 6x200ml,Add to cart,Save to list
SAVE $1.30,$1.30,$2.60 - $1.44 / 100G,Chickadees Chicken Flavoured Snacks 90g,Add to cart,Save to list
EVERYDAY LOW PRICE,$7.50,$2.31 / 100G,Fun Faves Variety Multipack Chips 18 Pack,Add to cart,Save to list
$5.00,$5.00 / 1L,Impressed Pressed Juice Orange Pulp Free 1l,Add to cart,Save to list
$3.00,$1.88 / 100G,YoPRO Smoothie Bowl Yoghurt Limited Edition 160g,Add to cart,Save to list
$2.20,$1.69 / 100G,Five:Am Organic Kids No Added Sugar Pouch Mango 130g,Add to cart,Save to list
$6.00,$1.20 / 1EA,Cadbury Mini Rolls Chocolate 5 Pack,Add to cart,Save to list
$2.70,$1.93 / 100G,Vitasoy Greek Style Soy Yogurt Hint Of Strawberry 140g,Promoted,Add to cart,Save to list
$2.70,$1.93 / 100G,Vitasoy Greek Style Soy Yogurt Hint Of Mango & Passionfruit 140g,Promoted,Add to cart,Save to list
$5.00,$0.83 / 100G,Vaalia Probiotic Yoghurt French Vanilla 150gx 4 Pack,Add to cart,Save to list
SAVE $1.05,$4.20,$5.25 - $5.60 / 1L,Dare Espresso Ice Coffee 750mL,Add to cart,Save to list
SAVE $0.60,$2.40,$3.00 - $1.50 / 100G,Gippsland Dairy Boysenberry Twist Yoghurt 160g,Add to cart,Save to list
LOWER AUTUMN PRICE,$5.60,$1.40 / 100G,RANGE WAS $6.25 - 27/03/2025,Woolworths Chocolate Chip Muffin Bar 10 Pack,4.1,/,411,Add to cart,Save to list
EVERYDAY LOW PRICE,$3.50,$0.93 / 100G,Cottee's Apricot Jam 375g,Add to cart,Save to list
$6.40,$4.27 / 1L,Ocean Spray Low Sugar Cranberry Classic Juice Drink 1.5l,Add to cart,Save to list
$4.00,$26.67 / 1KG,Philadelphia Original Cream Cheese Portions Snacks 150g,5.0,/,1,Add to cart,Save to list
$9.95,$2.84 / 100G,Strength Meals Co Lemon Herb Chicken Chilled Meal 350g,4.0,/,151,Add to cart,Save to list
EVERYDAY LOW PRICE,$1.90,$38.00 / 1KG,Woolworths Natural Tasty Cheese & Crackers Each 50g,4.6,/,1639,Add to cart,Save to list
EVERYDAY LOW PRICE,$2.50,$13.51 / 1KG,Woolworths Yellowfin Tuna In Oil 185g,4.4,/,418,Add to cart,Save to list
OUT OF STOCK,Golden Circle Pine Orange No Added Sugar Juice Pineapple Fruit Juice 2l,4.5,/,41,View similar,products,             to Golden Circle Pine Orange No Added Sugar Juice Pineapple Fruit Juice 2l,Save to list
EVERYDAY LOW PRICE,$7.50,$15.00 / 1KG,Dairyworks Tasty Block 500g,Add to cart,Save to list
SAVE $1.35,$1.35,$2.70 - $1.35 / 1L,Golden Circle Drinks Apple Blackcurrant Fruit Drink 1l,4.3,/,42,Add to cart,Save to list
$6.00,$5.00 / 100G,Messy Monkeys Choc Rice Puff Bars 6 Pack,Add to cart,Save to list
$3.40,$106.25 / 1KG,Arnotts Chicken Crimpy Shapes Cracker Biscuits & Cheese 32g,Add to cart,Save to list
$11.00,$22.00 / 1KG,Bega Reduced Fat Cheese Slices So Light 50% 500g,5.0,/,2,Add to cart,Save to list
SAVE $10.00,$24.00,$34.00 - $24.00 / 1KG,Don Premium Smokehouse Ham Sliced From The Deli per kg,Add to cart,Save to list
$3.25,$0.11 / 1M,Glad Cling Wrap 30m,Add to cart,Save to list
$6.00,$4.00 / 100G,The Happy Snack Company Roasted Fava Beans Sea Salt And Balsamic Vinegar 6 Pack,4.8,/,36, Promoted,Add to cart,Save to list
$6.00,$4.00 / 100G,The Happy Snack Company Roasted Chickpeas Lightly Salted 6 Pack,4.5,/,37, Promoted,Add to cart,Save to list
$6.00,$4.00 / 100G,The Happy Snack Company Roasted Chickpeas Lime And Cracked Pepper 6 Pack,4.6,/,20, Promoted,Add to cart,Save to list
$6.00,$4.00 / 100G,The Happy Snack Company Roasted Fava Beans Smoky Bbq 6 Pack,Promoted,Add to cart,Save to list
LOWER AUTUMN PRICE,$4.50,$1.29 / 100G,RANGE WAS $5 - 25/02/2025,McCain Healthy Choice Lemon Herb Chicken Frozen Meal 350g,1.0,/,1,Add to cart,Save to list
SAVE $1.00,$8.00,$9.00 - $53.33 / 1KG,Jarlsberg Original Cheese Slices Sliced Cheese 150g,Add to cart,Save to list
$4.50,$100.00 / 1KG,2 FOR $6.70 - $74.44/1KG,Primo Stackers Chicken Cheese & Crackers 45g,Add to cart,Save to list
$4.50,$2.25 / 100G,Woolworths Free From Gluten Choc Chip Mini Cookies 8 Pack,4.3,/,597,Add to cart,Save to list
$6.50,$61.90 / 1KG,John West Fresh Packed Wild Alaskan Red Salmon 105g,Add to cart,Save to list
EVERYDAY LOW PRICE,$6.20,$1.11 / 100G,Liddells Lactose Free Yoghurt Plain 140g x 4 Pack,Add to cart,Save to list
EVERYDAY LOW PRICE,$0.90,$0.01 / 1EA,Armada Freezer Bags Small 120 Pack,4.5,/,48,Add to cart,Save to list
EVERYDAY LOW PRICE,$4.90,$1.17 / 100G,Woolworths Double Choc Chip Muffin 4 Pack,4.7,/,737,Add to cart,Save to list
$4.15,$8.30 / 1L,Dare Mocha Iced Coffee 500ml,Add to cart,Save to list
$2.90,$1.81 / 100G,Woolworths Free From Gluten Chocolate Chip Biscuit 160g,3.8,/,668,Add to cart,Save to list
$3.20,$2.56 / 1L,Pump Spring Water Bottle 1.25l,Add to cart,Save to list
EVERYDAY LOW PRICE,$3.50,$0.93 / 100G,Cottee's Plum Jam 375g,Add to cart,Save to list
$5.25,$7.00 / 1L,Ice Break Iced Coffee Regular Flavoured Milk 750mL,Add to cart,Save to list
SAVE $0.35,$1.65,$2.00 - $13.75 / 100G,Little Bellies Organic Carrot Puffs 12g,4.7,/,26,Add to cart,Save to list
$32.90,$32.90 / 1KG,Primo Pastrami Shaved From The Deli per kg,Add to cart,Save to list
SAVE $0.70,$2.00,$2.70 - $4.00 / 100G,Red Rock Deli Potato Chips Honey Soy Chicken Deli Style 50g,4.7,/,73,Add to cart,Save to list
$7.90,$3.95 / 100G,Carman's Protein Nut BarsDark Chocolate Pretzel 5 pack,Add to cart,Save to list
SAVE $1.20,$1.20,$2.40 - $0.86 / 100G,Vaalia Kids Probiotic Yoghurt Pouch Lactose Free Blueberry 140g,Add to cart,Save to list
SAVE $1.00,$3.00,$4.00 - $2.40 / 100G,Arnotts Cruskits Original Crispbreads 125g,Promoted,Add to cart,Save to list
EVERYDAY LOW PRICE,$6.50,$1.73 / 100G,Arnotts Shapes Multipack Cracker Biscuits Variety 15 pack,Promoted,Add to cart,Save to list
$5.00,$2.86 / 100G,Arnotts Mini Choc Chip Cookie Multipack Biscuits 7 Pack,Promoted,Add to cart,Save to list
SAVE $2.52,$3.78,$6.30,Sistema Plasticware Snack To Go Each,Promoted,Add to cart,Save to list
$6.20,$7.38 / 100G,Table Of Plenty Mini Rice Cakes Milk Chocolate Snack Packs 6 pack,Promoted,Add to cart,Save to list
$3.30,$3.14 / 100G,Sunbites Sea Salt Snack Crackers With Quinoa Share Pack 105g,4.7,/,55, Promoted,Add to cart,Save to list
SAVE $1.30,$4.70,$6.00 - $3.09 / 100G,Nature Valley Salted Caramel Protein Bars 4 pack,Promoted,Add to cart,Save to list
EVERYDAY LOW PRICE,$11.50,$2.13 / 100G,Carman's Muesli Bars Classic Fruit & Nut Value 12 pack,5.0,/,1,Add to cart,Save to list
SAVE $0.60,$2.40,$3.00 - $1.50 / 100G,Gippsland Dairy Blueberry Twist Yoghurt 160g,Add to cart,Save to list
$4.80,$26.67 / 1KG,Macy and Tailor Oven Baked Pressed Pretzels Sea Salt 180g,Add to cart,Save to list
$7.50,$2.78 / 100G,"Carman's Muesli Bars SuperBerry, Cranberry, Blueberry & Goji 6 pack",Add to cart,Save to list
SAVE $0.85,$1.85,$2.70 - $1.16 / 100G,Farmers Union Gut Good Greek Style Yogurt Strawberry 160g,Add to cart,Save to list
EVERYDAY LOW PRICE,$9.00,$2.50 / 100G,Kellogg's LCMs Variety Family Pack Bars 18 pack,Add to cart,Save to list
LOWER AUTUMN PRICE,$4.50,$1.61 / 100G,RANGE WAS $5 - 25/02/2025,McCain Healthy Choice Chinese Chicken Cashew Frozen Meal 280g,4.1,/,32,Add to cart,Save to list
SAVE $1.00,$2.50,$3.50 - $41.67 / 1L,The Juice Lab Wellness Immune Vitality Super Shot 60ml,Add to cart,Save to list
$7.00,$1.49 / 100G,Wonder Soft White Gluten Free 470g,Add to cart,Save to list
EVERYDAY LOW PRICE,$2.20,$4.40 / 1KG,Woolworths Apple Puree 4 Pack,3.9,/,1781,Add to cart,Save to list
EVERYDAY LOW PRICE,$5.30,$1.83 / 100G,Promite Vegetable Extract Spread 290G,Add to cart,Save to list
$3.00,$0.75 / 100G,Woolworths Plain Bagels 4 Pack,3.1,/,926,Add to cart,Save to list
LOWER AUTUMN PRICE,$3.90,$1.08 / 100G,RANGE WAS $4.50 - 25/02/2025,Glicks Everything Bagels 4 Pack,Add to cart,Save to list
$11.95,$3.62 / 100G,2 FOR $20.00 - $3.03/100G,My Muscle Chef Pesto Chicken Pasta Chilled Meal 330g,Add to cart,Save to list
$6.80,$9.07 / 1L,Sanitarium Up & Go Protein Energize Iced Coffee Flavour 250ml x 3 pack,Add to cart,Save to list
$8.00,$2.29 / 100G,2 FOR $15.00 - $2.14/100G,Woolworths Fettuccine Carbonara Chilled Meal 350g,3.5,/,382,Add to cart,Save to list
$10.00,$20.00 / 1KG,Philadelphia Original Cream Cheese Twin Block 500g,Add to cart,Save to list
$7.90,$1.58 / 100G,Bega Cheddar Cheese Block 500g,Add to cart,Save to list
$6.00,$3.00 / 100G,The Happy Snack Company Roasted Chickpeas Lightly Salted 200g,4.2,/,21, Promoted,Add to cart,Save to list
$7.00,$1.40 / 100G,Western Star Spreadable Butter Blend Tub Supersoft 500g,Promoted,Add to cart,Save to list
SAVE $1.00,$3.00,$4.00 - $1.20 / 100G,Arnotts Vita Weat 9 Grain Crispbreads 250g,Promoted,Add to cart,Save to list
$6.00,$4.00 / 100G,The Happy Snack Company Roasted Fava Beans Lightly Salted 6 Pack,4.8,/,22, Promoted,Add to cart,Save to list
SAVE $1.50,$9.50,$11.00 - $19.00 / 1KG,Mainland Extra Tasty Cheese Block 500g,4.5,/,4,Add to cart,Save to list
$2.10,$52.50 / 1KG,J Crackleton Pork Crackle Original 40g,5.0,/,1,Add to cart,Save to list
$5.00,$6.67 / 1L,Bickford's Peach Tea Cordial 750ml,Add to cart,Save to list
$6.00,$2.14 / 100G,Lean Cuisine Beef Stroganoff With Pasta Frozen Meal 280g,Add to cart,Save to list
LOWER AUTUMN PRICE,$3.90,$2.44 / 100G,RANGE WAS $4.40 - 25/02/2025,Iddy Biddy Fruit Snacks Berry 20g x8 Pack,Add to cart,Save to list
LOWER AUTUMN PRICE,$4.50,$1.36 / 100G,RANGE WAS $5 - 25/02/2025,McCain Honey Stir Fry Chicken Healthy Choice Frozen Meal 330g,3.9,/,27,Add to cart,Save to list
EVERYDAY LOW PRICE,$3.00,$0.08 / 1EA,Multix Easy Tear Off Freezer Bags Large 40 Pack,Add to cart,Save to list
$2.70,$1.80 / 100G,Chobani No Sugar Added Greek Yogurt Vanilla 150g,Add to cart,Save to list
SAVE $0.60,$2.40,$3.00 - $1.50 / 100G,Gippsland Dairy Twist Yoghurt Lemon Curd 160g,5.0,/,1,Add to cart,Save to list
$4.50,$4.50 / 100G,Kellogg's LCMs Choc Chip Rice Bubbles Snack Bars 5 pack,Add to cart,Save to list
EVERYDAY LOW PRICE,$7.50,$3.66 / 100G,Cobs Natural Popcorn Variety 16 Pack 205g,Add to cart,Save to list
$3.00,$3.57 / 100G,Little Bellies Organic Sultanas 6 Pack,Add to cart,Save to list
SAVE $1.65,$3.85,$5.50 - $2.01 / 100G,Nice & Natural Nut Bar Yoghurt 6 Pack,Add to cart,Save to list
EVERYDAY LOW PRICE,$3.00,$0.50 / 1EA,Woolworths Wholemeal Rolls 6 pack,4.5,/,315,Afternoon delivery & pick up,Add to cart,Save to list
$5.00,$2.94 / 100G,Arnotts Gluten Free Scotch Finger Biscuits 170g,Add to cart,Save to list
SAVE $0.70,$2.50,$3.20 - $166.67 / 1KG,Frisp Strawberry Crisps 15g,Add to cart,Save to list
$5.00,$2.50 / 100G,Arnotts Tiny Teddy Chocolate Multipack Biscuits 8 Pack,Promoted,Add to cart,Save to list
SAVE $1.20,$2.80,$4.00 - $1.60 / 100G,Arnotts Shapes Cheddar Cracker Biscuits 175g,Promoted,Add to cart,Save to list
SAVE $1.50,$3.50,$5.00 - $1.75 / 100G,Arnotts Shapes Multipack Cracker Biscuits Mini Chicken Crimpy 8 pack,Promoted,Add to cart,Save to list
LOWER AUTUMN PRICE,$3.80,$1.46 / 100G,RANGE WAS $4.50 - 25/02/2025,On The Menu Three Cheese Macaroni 260g,4.1,/,45,Add to cart,Save to list
SAVE $1.50,$3.50,$5.00 - $1.75 / 100G,Arnotts Shapes Multipack Cracker Biscuits Vegemite & Cheese 8 pack,5.0,/,1,Add to cart,Save to list
EVERYDAY LOW PRICE,$1.00,$2.22 / 100G,Bellis Bar Apricot 45g,4.6,/,26,Add to cart,Save to list
SAVE $0.60,$4.70,$5.30 - $0.62 / 100G,Abbott's Bakery Sourdough White Bread Sandwich Slice Loaf 760g,5.0,/,3, Promoted,Add to cart,Save to list
$15.00,$15.00 / 1EA,Sistema Klip It Plus Rectangle 1l 3 Pack,5.0,/,1, Promoted,Add to cart,Save to list
$5.00,$1.32 / 100G,Uno Penotti Hazelnut Spread 380g,Promoted,Add to cart,Save to list
SAVE $2.20,$4.70,$6.90 - $1.87 / 100G,Nature Valley Crunchy Variety Granola Bars 42g x 6 pack,Promoted,Add to cart,Save to list
OUT OF STOCK,Woolworths Baby Spinach & Rocket 60g,View similar,products,             to Woolworths Baby Spinach & Rocket 60g,Save to list
EVERYDAY LOW PRICE,$3.50,$0.93 / 100G,Cottee's Breakfast Marmalade 375g,Add to cart,Save to list
SAVE $0.60,$4.00,$4.60 - $0.50 / 1EA,Woolworths Mini Chocolate Croissant 8 Pack,3.7,/,566,Afternoon delivery & pick up,Add to cart,Save to list
$3.30,$1.38 / 100ML,Philadelphia Light Cooking Cream Tub 240ml,Add to cart,Save to list
$5.80,$1.55 / 100G,2 FOR $9.00 - $1.20/100G,Mayver's Dark Peanut Butter Crunchy 375g,Add to cart,Save to list
EVERYDAY LOW PRICE,$17.50,$5.83 / 1L,Sanitarium Up&Go Liquid Breakfast Banana 12 Pack,4.3,/,3,Add to cart,Save to list
$5.50,$2.75 / 1L,Golden Circle Cordials Apple Raspberry Cordial 2l,4.5,/,47,Add to cart,Save to list
$5.50,$4.40 / 1L,V8 Breakfast Juice Juice 1.25l,Add to cart,Save to list
$5.50,$3.90 / 100G,Arnotts Gluten Free Mint Slice Chocolate Biscuits 141g,Add to cart,Save to list
$3.50,$3.50 / 100G,Cobs Natural Popcorn Sea Salted Caramel 100g,5.0,/,2,Add to cart,Save to list
SAVE $1.60,$5.00,$6.60 - $25.00 / 1KG,Don Thinly Sliced Honey Leg Ham 200g,Add to cart,Save to list
SAVE $3.00,$13.50,$16.50 - $13.50 / 1KG,Bertocchi Mortadella Plain Shaved From The Deli Per Kg,Add to cart,Save to list
SAVE $1.00,$5.00,$6.00 - $1.11 / 100G,Woolworths Apple Oven Baked Fruit Bars 12 Pack,4.0,/,515,Add to cart,Save to list
LOWER AUTUMN PRICE,$3.90,$2.44 / 100G,RANGE WAS $4.40 - 25/02/2025,Iddy Biddy Fruit Snacks Assorted Flavours 160g 8 Pack,Add to cart,Save to list
$6.50,$6.50 / 1L,Nudie Nothing But Oranges Pulp Free Juice 1l,Add to cart,Save to list
SAVE $1.50,$4.00,$5.50 - $3.03 / 100G,Uncle Tobys Le Snak Tasty Cheese Dip & Crackers 6 Pack,2.9,/,139,Add to cart,Save to list
OUT OF STOCK,Kiwiberry Punnet 125g,Add to cart,Save to list
$12.60,$8.40 / 1L,Sanitarium Up&Go Liquid Breakfast Choc Ice 6 Pack,Promoted,Add to cart,Save to list
$6.20,$7.38 / 100G,Table Of Plenty Mini Rice Cakes Snack Packs Caramel White Choc 6 pack,Promoted,Add to cart,Save to list
SAVE $1.40,$5.30,$6.70 - $7.07 / 1L,Sustagen High Protein Nutrition Top-Up Dutch Chocolate Ready To Drink 250mL x 3 pack,Promoted,Add to cart,Save to list
$5.00,$2.50 / 100G,Arnotts Mini Scotch Finger Multipack Biscuits 8 Pack,Promoted,Add to cart,Save to list
LOWER AUTUMN PRICE,$6.50,$2.03 / 100G,RANGE WAS $7.50 - 25/02/2025,McCain Dinner Chicken Parmagiana Frozen Meal 320g,Add to cart,Save to list
$4.00,$8.00 / 1L,"OAK Plus Chocolate Flavoured Milk No Added Sugar, 30g Protein 500ml",Add to cart,Save to list
$2.20,$44.00 / 100G,Ceres Organics Seaweed Nori 5g,4.6,/,25,Add to cart,Save to list
$5.00,$2.72 / 100G,Arnotts Tiny Teddy Hundreds & Thousands Multipack Biscuits 8 Pack,Promoted,Add to cart,Save to list
$3.80,$4.18 / 100G,Sakata Stars Snack Sized Cheese Rice Crackers Multipack 13g x 7 Pack,Promoted,Add to cart,Save to list
SAVE $1.50,$3.50,$5.00 - $1.75 / 100G,Arnotts Shapes Multipack Cracker Biscuits Pizza 8 pack,Promoted,Add to cart,Save to list
$6.20,$7.38 / 100G,Table Of Plenty Mini Rice Cakes Berry Yoghurt Topped 6 pack,Add to cart,Save to list
$6.00,$8.57 / 100G,Carman's Fruit Straps Apple Twin Packs 5 pack,Add to cart,Save to list
SAVE $0.20,$2.00,$2.20 - $16.67 / 100G,Kiddylicious Veggie Straws 12g,4.5,/,216,Add to cart,Save to list
$7.00,$1.87 / 100G,Lean Cuisine Sundried Tomato & Chicken Pasta Frozen Meal 375g,Add to cart,Save to list
$7.80,$1.56 / 100G,Helga's Gluten Free Mixed Grains 500g,Add to cart,Save to list
$3.95,$39.50 / 1KG,2 FOR $6.70 - $33.50/1KG,Primo Leg Ham Sliced Salt Reduced 100g,Add to cart,Save to list
$2.20,$1.47 / 100G,Sunrice Rice Cakes Original Rice Cakes 150G,Add to cart,Save to list
$4.40,$44.00 / 1KG,D'Orsogna Deli Fresh Ham Premium Leg 100g,Add to cart,Save to list
$3.80,$4.18 / 100G,Sakata Stars Snack Sized Original Rice Crackers Multipack 13g x 7 Pack,Promoted,Add to cart,Save to list
SAVE $1.50,$3.50,$5.00 - $1.75 / 100G,Arnotts Shapes Multipack Cracker Biscuits Barbecue 8 pack,Promoted,Add to cart,Save to list
$4.00,$4.00 / 100G,Pop Box Mega Butter Microwave Popcorn 100g,Promoted,Add to cart,Save to list
$12.60,$8.40 / 1L,Sanitarium Up&Go Liquid Breakfast Banana 6 Pack,5.0,/,1, Promoted,Add to cart,Save to list
EVERYDAY LOW PRICE,$4.00,$0.53 / 100G,Woolworths Country Loaf White 750g,4.5,/,727,Add to cart,Save to list
EVERYDAY LOW PRICE,$1.40,$14.74 / 1KG,Woolworths Yellowfin Tuna In Oil 95g,4.2,/,654,Add to cart,Save to list
$6.50,$0.93 / 100G,Helga's Crafted White Sourdough Bread Loaf 700g,Add to cart,Save to list
$3.25,$0.05 / 1EA,Hercules Click Zip Resealable Snack Size Sandwich Bags 65 Pack,Add to cart,Save to list
EVERYDAY LOW PRICE,$3.00,$1.82 / 100G,Mother Earth Chewy Muesli Bars Berry Smoothie 165g,Add to cart,Save to list
$8.50,$4.25 / 1L,Nudie Nothing But Aloha Juice 2l,Add to cart,Save to list
SAVE $0.20,$1.70,$1.90 - $21.25 / 100G,Snacktacular Fruit Melts Banana & Strawberry 8g,Add to cart,Save to list
$4.00,$1.07 / 100G,3 FOR $10.95 - $0.97/100G,Woolworths Chicken Fettuccine Carbonara 375g,3.0,/,134,Add to cart,Save to list
$3.85,$2.75 / 100G,Gippsland Dairy Yoghurt & Mix Ins Chocolate Rice Crisp 140g,Add to cart,Save to list
$6.00,$0.24 / 1M,Glad Baking Paper 25m,Add to cart,Save to list
EVERYDAY LOW PRICE,$8.00,$2.94 / 100G,Nice & Natural Fruit Fun Mix 272g,Add to cart,Save to list
EVERYDAY LOW PRICE,$8.50,$3.54 / 100G,Healtheries Potato Stix Fun Mix Multipack Chips Kids Lunchbox Snacks 20g x 12 Pack,5.0,/,1,Add to cart,Save to list
EVERYDAY LOW PRICE,$7.20,$2.29 / 100G,Kellogg's K-Time Baked Twists Apple & Blueberry Flavoured Snack Bars 9 Pack,Add to cart,Save to list
$5.50,$0.58 / 100G,Yoplait Lactose Free Vanilla Yoghurt 950g,Add to cart,Save to list
$4.50,$5.63 / 100G,Ceres Organics Coconut Rolls 80g,Add to cart,Save to list
$5.30,$2.41 / 100G,Coco & Lucas' Butter Chicken & Jasmine Rice Frozen Meal 220g,4.0,/,20,Add to cart,Save to list
$5.60,$0.80 / 100G,Helga's 50% Lower Carb 5 Seeds Loaf 700g,Add to cart,Save to list
SAVE $1.40,$5.30,$6.70 - $7.07 / 1L,Sustagen High Protein Nutrition Top-Up Strawberry Ready To Drink 250mL x 3 pack,Promoted,Add to cart,Save to list
SAVE $1.00,$10.00,$11.00 - $20.00 / 1KG,Cheer Cheese Tasty Cheese Slices 500g,4.6,/,35,Add to cart,Save to list
$4.90,$0.72 / 100G,Wonder 5 Star Soft Multigrain & Prebiotic Bread Loaf 680g,Add to cart,Save to list
$2.70,$1.69 / 100G,Chobani Greek Yoghurt Honey 160g,Add to cart,Save to list
$4.50,$3.95 / 100G,2 FOR $7.00 - $3.07/100G,Chickadees Multipack 6 Pack,Add to cart,Save to list
SAVE $2.30,$3.45,$5.75 - $0.75 / 100G,Ultimate Danone Double Cream Yoghurt Strawberry 115g x 4 Pack,Add to cart,Save to list
$1.60,$1.60 / 1L,Woolworths Spring Water Sipper 1l,4.7,/,197,Add to cart,Save to list
$2.50,$5.00 / 100G,Gold Medal Snacks Single Pack Pork Krackles 50g,Add to cart,Save to list
$5.85,$2.17 / 100G,Woolworths Creamy Vanilla Slice 2 Pack,4.4,/,1087,Add to cart,Save to list
EVERYDAY LOW PRICE,$6.50,$0.68 / 100G,Yoplait Forme Zero Berry Harvest Yoghurts 6 Pack,Add to cart,Save to list
SAVE $1.05,$4.20,$5.25 - $5.60 / 1L,Dare Mocha Iced Coffee Flavoured Milk 750ml,Add to cart,Save to list
EVERYDAY LOW PRICE,$6.30,$15.75 / 1KG,Woolworths Soya Crisps Snacks 400g Pack,Add to cart,Save to list
SAVE $0.60,$2.40,$3.00 - $1.50 / 100G,Gippsland Dairy Mango & Blood Orange Twist Yoghurt 160g,5.0,/,1,Add to cart,Save to list
$5.00,$4.63 / 100G,Sunrice Mini Bites Sea Salt Multipack Kids Lunchbox Snacks 6 pack,Add to cart,Save to list
$1.60,$1.33 / 100G,Aeroplane Ready To Eat Jelly Cup Snack Raspberry Flavour 120g,Add to cart,Save to list
SAVE $1.40,$5.30,$6.70 - $7.07 / 1L,Sustagen High Protein Nutrition Top-Up Strawberry Ready To Drink 250mL x 3 pack,Promoted,Add to cart,Save to list
$25.00,DESIGNS MAY VARY,Contigo Kids Aubrey Water Bottle Assorted each,Promoted,Add to cart,Save to list
SAVE $4.60,$6.90,$11.50,DESIGNS MAY VARY,Sistema Hydrate Twist n Sip Water Drink Bottle 800mL each,Promoted,Add to cart,Save to list
SAVE $5.40,$8.10,$13.50,Sistema Hydrate Active Shaker 750ml Each,Promoted,Add to cart,Save to list
SAVE $5.30,$7.95,$13.25,DESIGNS MAY VARY,Sistema Hydrate Tritan Water Drink Bottle 800mL Assorted each,Promoted,Add to cart,Save to list
$5.50,$0.97 / 100G,Mission Wraps Roasted Garlic 8 Pack,Add to cart,Save to list
$4.00,$2.00 / 1EA,Woolworths Ham & Cheese Croissant 2 Pack,4.0,/,645,Afternoon delivery & pick up,Add to cart,Save to list
$6.50,$6.50 / 100G,Vege Chips Deli Crisps Purple Sweet Potato 100g,4.7,/,46,Add to cart,Save to list
$0.90,$2.00 / 100G,Edens Bars Sesame 45g,4.4,/,24,Add to cart,Save to list
$2.60,$1.86 / 100G,Dairy Farmers Thick & Creamy Australian Berries Yoghurt 140g,Add to cart,Save to list
EVERYDAY LOW PRICE,$17.50,$5.83 / 1L,Sanitarium Up&Go Dairy Free Liquid Breakfast Choc Ice 12 Pack,4.0,/,1,Add to cart,Save to list
EVERYDAY LOW PRICE,$3.95,$0.90 / 100G,Dairy Farmers Thick & Creamy Mango & Passionfruit Yoghurt 4 Pack,Add to cart,Save to list
$6.00,$2.14 / 100G,Lean Cuisine Lamb & Rosemary Hotpot Frozen Meal 280g,Add to cart,Save to list
SAVE $0.50,$2.00,$2.50 - $5.00 / 100G,Nobby's Crispy Bacon Bite Snacks 40g,Add to cart,Save to list
$8.50,$4.25 / 1L,"Nudie Nothing But Carrot, Orange, Apple & Ginger 2l",4.5,/,4,Add to cart,Save to list
EVERYDAY LOW PRICE,$4.00,$1.60 / 100G,Arnotts Sao Crackers 250g,Promoted,Add to cart,Save to list
$28.00,$9.33 / 100ML,Nivea Sun Ultra Sport Cooling Sunscreen Trigger Spray Spf50+ 300ml,Promoted,Add to cart,Save to list
SAVE $1.00,$3.50,$4.50 - $2.80 / 100G,Obela Hi Protein Hommus To Go 125g,Promoted,Add to cart,Save to list
$5.50,$0.92 / 1EA,Toscano Chocolate Croissants 6 Pack,Add to cart,Save to list
$3.00,$60.00 / 1KG,2 FOR $5.50 - $55.00/1KG,Mainland Cheese Snack with Crackers Extra Tasty Special Res Cheese 50g,Add to cart,Save to list
$4.90,$4.90 / 1KG,Kanzi Apple 1kg Punnet,Add to cart,Save to list
$9.00,$4.29 / 100G,Nestle Milo Snack Bars Original 10 Pack,5.0,/,1,Add to cart,Save to list
SAVE $1.65,$3.85,$5.50 - $2.14 / 100G,Nice & Natural Chocolate Nut Bars Honeycomb 180g,Add to cart,Save to list
SAVE $0.50,$2.00,$2.50 - $4.00 / 100G,Nobby's Pork Crackle Spicy Barbecue Snacks 50g,4.0,/,1,Add to cart,Save to list
$4.30,$2.26 / 100G,Sam's Pantry Rocky Road Protein Bar 5 Pack,4.2,/,612,Add to cart,Save to list
SAVE $1.50,$4.00,$5.50 - $2.16 / 100G,Uncle Tobys Muesli Bars Yoghurt & Honeycomb 185g,4.3,/,63,Add to cart,Save to list
EVERYDAY LOW PRICE,$17.50,$5.83 / 1L,Up&Go Protein Energize Iced Coffee Flavour Breakfast Drink 250ml x12 Pack,5.0,/,2,Add to cart,Save to list
$2.00,$2.00 / 100G,Poppin Microwave Popcorn Triple Butter Flavour Explosion 100g,Add to cart,Save to list
$4.50,$90.00 / 1KG,2 FOR $6.70 - $67.00/1KG,Primo Trios Cabanossi Cheese & Arnott's Bbq Shapes 50g,Add to cart,Save to list
$28.00,$9.33 / 100ML,Nivea Sun Ultra Sport Cooling Sunscreen Trigger Spray Spf50+ 300ml,Promoted,Add to cart,Save to list
SAVE $1.00,$3.50,$4.50 - $2.80 / 100G,Obela Hi Protein Hommus To Go 125g,Promoted,Add to cart,Save to list
$4.00,$2.67 / 100G,Golden Days Fruit Snacks Bites Apricot Delight 150g,Add to cart,Save to list
SAVE $0.80,$2.20,$3.00 - $3.67 / 100G,Koja Dark Choc Chip Oat Bar 60g,Add to cart,Save to list
OUT OF STOCK,My Muscle Chef Spaghetti Bolognese 330g,View similar,products,             to My Muscle Chef Spaghetti Bolognese 330g,Save to list
$4.50,$3.95 / 100G,2 FOR $7.00 - $3.07/100G,The Natural Chip Co Honey Soy Chicken Chips Honey Soy Chicken 6 Pack,Add to cart,Save to list
SAVE $1.90,$4.00,$5.90 - $2.67 / 100G,Carman's Protein Oat Bars Choc Chip 5 pack,Add to cart,Save to list
SAVE $0.50,$3.50,$4.00 - $33.33 / 1KG,John West Fresh Packed Wild Alaskan Pink Salmon 105g,Add to cart,Save to list
EVERYDAY LOW PRICE,$4.50,$4.50 / 1L,Woolworths 100% Prune Juice 1l,3.4,/,354,Add to cart,Save to list
$2.70,$1.93 / 100G,Vitasoy Greek Style Soy Yogurt Hint Of Mango & Passionfruit 140g,Promoted,Add to cart,Save to list
$6.00,$4.00 / 100G,The Happy Snack Company Roasted Fava Beans Smoky Bbq 6 Pack,Promoted,Add to cart,Save to list
EVERYDAY LOW PRICE,$6.50,$1.73 / 100G,Arnotts Shapes Multipack Cracker Biscuits Variety 15 pack,Promoted,Add to cart,Save to list
SAVE $1.00,$3.00,$4.00 - $2.40 / 100G,Arnotts Cruskits Original Crispbreads 125g,Promoted,Add to cart,Save to list
EVERYDAY LOW PRICE,$6.50,$1.73 / 100G,Arnotts Tiny Teddy Variety Multipack Biscuits 15 Pack,Promoted,Add to cart,Save to list
EVERYDAY LOW PRICE,$3.20,$3.20 / 1EA,Woolworths Crusty Cob Loaf each,4.4,/,202,Afternoon delivery & pick up,Add to cart,Save to list
$6.40,$4.27 / 1L,Ocean Spray Cranberry Light Juice Drink 1.5l,Add to cart,Save to list
SAVE $0.70,$2.00,$2.70 - $3.77 / 100G,Pringles Salt & Vinegar Potato Chips 53g,Add to cart,Save to list
$6.25,$1.39 / 100G,Woolworths Free From Gluten Seeded Bread Loaf 450g,3.7,/,449,Add to cart,Save to list
$1.80,$1.38 / 100G,5 FOR $6.50 - $1.00/100G,Yoplait Yop Yoghurt With Probiotics No Sugar Added Blueberry Pouch 130g,Add to cart,Save to list
$5.20,$20.80 / 1KG,Woolworths Cheese Burger Slices 12 Pack 250g,3.6,/,702,Add to cart,Save to list
$4.00,$1.07 / 100G,3 FOR $10.95 - $0.97/100G,Woolworths Chicken Korma With Rice 375g,Add to cart,Save to list
$6.80,$0.34 / 1M,Multix Alfoil Non Stick 20 Metres Each,Add to cart,Save to list
EVERYDAY LOW PRICE,$3.00,$0.03 / 1EA,Multix Easy Tear Off Freezer Bags Small 120 Pack,5.0,/,1,Add to cart,Save to list
$11.95,$3.62 / 100G,2 FOR $20.00 - $3.03/100G,My Muscle Chef Satay Chicken With Basmati Rice & Green Peas 330g,Add to cart,Save to list
$4.30,$2.26 / 100G,Sam's Pantry Caramel Brownie Low Sugar Protein Bars 5 Pack,4.3,/,493,Add to cart,Save to list
SAVE $1.70,$10.30,$12.00 - $16.48 / 1KG,Devondale Colby Cheese Block 625g,4.0,/,1,Add to cart,Save to list
$11.30,$75.33 / 1KG,Primo Stackers Mild Salami Cheddar Cheese & Crackers 3 Pack,Add to cart,Save to list
$8.00,$2.00 / 100G,Beechworth 100% Australian Bee Cause Bush Honey Squeeze 400g,5.0,/,1,Add to cart,Save to list
$1.70,$1.42 / 100G,South Australian Gourmet Food Company Banana Custard 120g,Add to cart,Save to list
EVERYDAY LOW PRICE,$3.00,$3.00 / 100ML,Woolworths Sunscreen Everyday Tube Spf 50+ 100ml,Add to cart,Save to list
$6.00,$2.14 / 100G,Lean Cuisine Satay Chicken Noodles Frozen Meal 280g,5.0,/,1,Add to cart,Save to list
EVERYDAY LOW PRICE,$2.20,$4.40 / 1KG,Woolworths Apple & Strawberry Puree 4 Pack,3.2,/,1517,Add to cart,Save to list
$6.00,$4.00 / 100G,The Happy Snack Company Kids Fava Beans Pizza 10 Pack,4.2,/,9, Promoted,Add to cart,Save to list
EVERYDAY LOW PRICE,$1.10,$12.22 / 1KG,Woolworths Apple & Peach Puree In Pouch 90g,3.6,/,1378,Add to cart,Save to list
$3.70,$3.70 / 1EA,Sistema Klip It Plus Rectangle 400ml,5.0,/,1, Promoted,Add to cart,Save to list
$12.60,$8.40 / 1L,Sanitarium Up&Go Liquid Breakfast Choc Ice 6 Pack,Promoted,Add to cart,Save to list
$6.20,$7.38 / 100G,Table Of Plenty Mini Rice Cakes Snack Packs Caramel White Choc 6 pack,Promoted,Add to cart,Save to list
$3.60,$7.20 / 1L,Dairy Farmers Classic Chocolate Milk 500ml,Add to cart,Save to list
SAVE $2.60,$3.90,$6.50 - $1.22 / 100G,Weight Watchers Spinach & Ricotta Ravioli 320g,Add to cart,Save to list
$5.00,$0.83 / 1EA,Woolworths Mini Mighty Cheese Scrolls 6 pack,3.7,/,234,Afternoon delivery & pick up,Add to cart,Save to list
LOWER AUTUMN PRICE,$6.00,$28.57 / 1KG,RANGE WAS $7 - 25/02/2025,Mainland Extra Tasty Cheese Slices 210g,Add to cart,Save to list
$3.50,$0.70 / 1EA,Woolworths Kiwifruit Green Kids 5 Pack,Add to cart,Save to list
$2.60,$5.42 / 1KG,Woolworths Two Fruits In Tropical Jelly 4 Pack,3.9,/,531,Add to cart,Save to list
SAVE $1.40,$5.30,$6.70 - $7.07 / 1L,Sustagen High Protein Nutrition Top-Up Dutch Chocolate Ready To Drink 250mL x 3 pack,Promoted,Add to cart,Save to list
$5.00,$2.50 / 100G,Arnotts Mini Scotch Finger Multipack Biscuits 8 Pack,Promoted,Add to cart,Save to list
SAVE $0.60,$4.70,$5.30 - $0.62 / 100G,Abbott's Bakery Sourdough White Bread Sandwich Slice Loaf 760g,5.0,/,3, Promoted,Add to cart,Save to list
$15.00,$15.00 / 1EA,Sistema Klip It Plus Rectangle 1l 3 Pack,5.0,/,1, Promoted,Add to cart,Save to list
$1.60,$1.33 / 100G,Aeroplane Ready To Eat Jelly Cup Snack Strawberry Flavour 120g,Add to cart,Save to list
$6.00,$24.00 / 1KG,Woolworths Extra Tasty Cheese Block 250g,4.6,/,1668,Add to cart,Save to list
EVERYDAY LOW PRICE,$2.00,$0.07 / 1M,Armada Grease Proof Paper 30m,3.6,/,330,Add to cart,Save to list
SAVE $1.40,$5.50,$6.90 - $1.17 / 100G,Bega Peanut Butter Smooth 470g,Add to cart,Save to list
SAVE $0.50,$5.00,$5.50 - $5.00 / 1L,Impressed Cold Pressed Juice Easy Greens 1l,5.0,/,1,Add to cart,Save to list
LOWER AUTUMN PRICE,$4.90,$44.55 / 1KG,RANGE WAS $5.50 - 25/02/2025,Mainland Cheese Snack with Crackers With Caramelised Onion 110g,Add to cart,Save to list
EVERYDAY LOW PRICE,$8.00,$1.71 / 100G,Uncle Tobys Yoghurt Muesli Bars Strawberry 469g,4.4,/,67,Add to cart,Save to list
SAVE $2.20,$4.00,$6.20 - $2.29 / 100G,Carman's Oat Slices Cranberry & Blueberry 5 pack,Add to cart,Save to list
$5.00,$27.78 / 1KG,Sunbeam Yoghurt Coated Sultanas 180g,Add to cart,Save to list
$5.50,$0.92 / 1EA,Toscano French Croissants 240g x6 Pack,Add to cart,Save to list
EVERYDAY LOW PRICE,$4.50,$1.00 / 100G,Woolworths Tortilla Jumbo 6 Pack,4.5,/,1396,Add to cart,Save to list
$4.50,$4.09 / 100G,Cobs Drizzl'd Milk Chocolate Light Salted Slightly Sweet Popcorn 110g,Add to cart,Save to list
LOWER AUTUMN PRICE,$11.00,$22.00 / 1KG,RANGE WAS $13.80 - 25/02/2025,Cracker Barrel Vintage Cheddar Block Extra Sharp 500g,Add to cart,Save to list
SAVE $2.90,$2.90,$5.80,Decor Fresh Seal Clips Container Oblong 600mL,Add to cart,Save to list
$4.80,$2.40 / 1L,2 FOR $6.00 - $1.50/1L,Golden Circle Apple & Mango Juice No Added Sugar Fruit Juices 2l,4.4,/,37,Add to cart,Save to list
OUT OF STOCK,Thins Multipack Classic Original Chips 6 Pack,View similar,products,             to Thins Multipack Classic Original Chips 6 Pack,Save to list
SAVE $1.90,$4.00,$5.90 - $2.22 / 100G,Carman's Aussie Oat Bars Apple Pie 6 pack,Add to cart,Save to list
$2.00,$13.33 / 1KG,Just Veg. Carrot Sticks 150g,Add to cart,Save to list
SAVE $1.30,$4.70,$6.00 - $3.09 / 100G,Nature Valley Salted Caramel Protein Bars 4 pack,Promoted,Add to cart,Save to list
$5.00,$2.72 / 100G,Arnotts Tiny Teddy Hundreds & Thousands Multipack Biscuits 8 Pack,Promoted,Add to cart,Save to list
$3.80,$4.18 / 100G,Sakata Stars Snack Sized Cheese Rice Crackers Multipack 13g x 7 Pack,Promoted,Add to cart,Save to list
SAVE $1.50,$3.50,$5.00 - $1.75 / 100G,Arnotts Shapes Multipack Cracker Biscuits Pizza 8 pack,Promoted,Add to cart,Save to list
$5.25,$21.00 / 1KG,Kraft Cheddar Sandwich Slices 250g,Add to cart,Save to list
SAVE $0.70,$4.00,$4.70 - $8.33 / 1KG,SPC Diced Peaches In Juice Fruit Cups 4 x 120g,Add to cart,Save to list
$2.70,$4.50 / 100G,Doritos Corn Chips Cheese Supreme 60g,4.8,/,45,Add to cart,Save to list
$8.50,$0.21 / 1M,Glad Bake & Cooking Paper 40m,Add to cart,Save to list
LOWER AUTUMN PRICE,$3.80,$1.46 / 100G,RANGE WAS $4.50 - 25/02/2025,On The Menu Spaghetti & Meatballs Frozen Meal 260g,3.8,/,32,Add to cart,Save to list
$5.60,$4.67 / 100G,True Fruit Gogo Apple Mango & Apple Fruit Strips 120g,Add to cart,Save to list
EVERYDAY LOW PRICE,$2.10,$18.75 / 1KG,Woolworths Tuna & Crackers Snack Pack Thousand Island 112g,3.9,/,1819,Add to cart,Save to list
EST. RESTOCK 07/04/25,Hercules Twin Zip Storage Bag Jumbo 8 Pack,View similar,products,             to Hercules Twin Zip Storage Bag Jumbo 8 Pack,Save to list
SAVE $1.50,$6.00,$7.50 - $2.50 / 100G,Kellogg's LCMs Choc Chip Rice Bubbles Snack Bars 12 pack,Add to cart,Save to list
EVERYDAY LOW PRICE,$4.00,$10.00 / 1L,Pauls Zymil Chocolate Lactose Free Flavoured Milk 400ml,Add to cart,Save to list
$5.50,$4.40 / 1L,V8 Pineapple Passion Juice Juice 1.25l,Add to cart,Save to list
$5.00,$2.72 / 100G,Arnotts Tiny Teddy Hundreds & Thousands Multipack Biscuits 8 Pack,Promoted,Add to cart,Save to list
$8.80,$36.67 / 1KG,D'Orsogna Turkey Thinly Sliced 60g x4 Pack,5.0,/,1,Add to cart,Save to list
EVERYDAY LOW PRICE,$5.00,$0.67 / 100G,Helga's Grains & Seeds Sourdough Loaf 750g,Add to cart,Save to list
$4.00,$4.00 / 100G,Pop Box Mega Butter Microwave Popcorn 100g,Promoted,Add to cart,Save to list
$12.60,$8.40 / 1L,Sanitarium Up&Go Liquid Breakfast Banana 6 Pack,5.0,/,1, Promoted,Add to cart,Save to list
SAVE $8.10,$18.90,$27.00 - $47.25 / 100ML,Neutrogena Ultra Sheer Fluid Facial Sunscreen Spf50 40ml,Promoted,Add to cart,Save to list
$2.50,$5.00 / 100G,Gold Medal Snacks Single Pack Pork Krackles 50g,Promoted,Add to cart,Save to list
EVERYDAY LOW PRICE,$4.50,$0.60 / 100G,Tip Top 9 Grain Wholemeal Sandwich Slice Bread Loaf Bakery 750g,Add to cart,Save to list
SAVE $0.50,$3.50,$4.00 - $20.59 / 1KG,John West Protein+ Vitamin b12 Tuna Bowl Couscous Brown Rice Onion 170g,4.0,/,3,Add to cart,Save to list
$6.80,$9.07 / 1L,Sanitarium Up&Go Liquid Breakfast No Added Sugar Choc Ice 3x250ml,Add to cart,Save to list
$9.95,$2.84 / 100G,Strength Meals Co Bbq Chicken & Rice With Roasted Vegetables 350g,Add to cart,Save to list
SAVE $1.60,$2.40,$4.00 - $10.13 / 1L,Suntory Boss Coffee Iced Long Black 237ml,3.0,/,1,Add to cart,Save to list
$2.70,$1.69 / 100G,Chobani Greek Yogurt Rasberry Jam Donut 160g,Add to cart,Save to list
$6.50,$1.55 / 100G,Tasti Nut Bar Dark Choc & Cranberry 420g,Add to cart,Save to list
$4.15,$8.30 / 1L,Dare No Added Sugar Triple Espresso Iced Coffee 500ml,Add to cart,Save to list
$5.50,$4.40 / 1L,V8 Tropical Juice Juice 1.25l,Add to cart,Save to list
SAVE $0.50,$1.70,$2.20 - $1.42 / 100G,Yogo Choc Flavoured Custard Pouch 120g,Add to cart,Save to list
$8.50,$4.25 / 1L,Nudie Nothing but Watermelon Crush 2L,Add to cart,Save to list
LOWER AUTUMN PRICE,$4.90,$1.31 / 100G,RANGE WAS $5.80 - 25/02/2025,Bega Peanut Butter Crunchy 375g,Add to cart,Save to list
EVERYDAY LOW PRICE,$8.00,$1.23 / 100G,Bega Simply Nuts Smooth Natural Peanut Butter 650g,5.0,/,2,Add to cart,Save to list
$7.50,$4.29 / 100G,Carman's Protein Bake Salted Caramel 5 pack,Add to cart,Save to list
$5.30,$2.41 / 100G,Coco & Lucas' Spaghetti Bolognese Frozen Meal 220g,4.8,/,22,Add to cart,Save to list
$9.95,$2.84 / 100G,Strength Meals Co Braised Beef Ragu Chilled Meal 350g,Add to cart,Save to list
$6.80,$1.36 / 1KG,The Odd Bunch Crazy Carrots 5kg,Add to cart,Save to list
EVERYDAY LOW PRICE,$3.20,$3.20 / 1EA,Woolworths Crusty Tiger Vienna Loaf each,4.8,/,30,Afternoon delivery & pick up,Add to cart,Save to list
$5.00,$1.32 / 100G,Uno Penotti Hazelnut Spread 380g,Promoted,Add to cart,Save to list
$3.60,$0.18 / 1M,Armada Extra Wide Baking Paper 20m,Add to cart,Save to list
$11.95,$3.62 / 100G,2 FOR $20.00 - $3.03/100G,My Muscle Chef Beef Stroganoff Fettuccine Chilled Meal 330g,Add to cart,Save to list
$4.50,$4.05 / 100G,2 FOR $7.00 - $3.15/100G,French Fries Multipack Original 6 Pack,Add to cart,Save to list
$5.00,$4.17 / 100G,Healtheries Potato Stix Roast Multipack Chips Kids Lunchbox Snacks 20g x 6 Pack,Add to cart,Save to list
$4.00,$28.57 / 1KG,Philadelphia Original Cream Cheese Spread Tub 140g,Add to cart,Save to list
EVERYDAY LOW PRICE,$7.50,$15.00 / 1KG,Dairyworks Colby Natural Cheese Block 500g,Add to cart,Save to list
LOWER AUTUMN PRICE,$4.00,$88.89 / 1KG,RANGE WAS $4.80 - 25/02/2025,Local Legends Biltong Chilli 45g,Add to cart,Save to list
$7.50,$4.29 / 100G,"Carman's Nut Bars Almond, Cashew & Cranberry 5 pack",Add to cart,Save to list
$5.70,$22.80 / 1KG,Philadelphia Original Cream Cheese Block 250g,Promoted,Add to cart,Save to list
$29.00,$29.00 / 100ML,Invisible Zinc Sport Spf 50+ Mineral Sunscreen Cream 100g,Promoted,Add to cart,Save to list
$18.00,$21.18 / 100ML,Neutrogena Ultra Sheer Body Lotion Sunscreen Spf 50 85ml,Promoted,Add to cart,Save to list
$7.00,$43.75 / 1KG,Bega Cheese Snack Stringers Cheddar 160g,2.0,/,1,Add to cart,Save to list
$3.80,$30.40 / 1KG,John West Wild Caught Yellowfin Tuna Slices In Olive Oil Blend 125g,Add to cart,Save to list
$9.80,$1.96 / 100G,Nature Nate's 100% Pure Australian Raw & Unfiltered Honey 500g,5.0,/,1,Add to cart,Save to list
$3.90,$31.20 / 1KG,Sirena Tuna Slices In Oil Italian Style 125g,Add to cart,Save to list
SAVE $1.50,$4.00,$5.50 - $4.26 / 100G,Uncle Tobys Roll-Ups Groovy Grape 6 Pack,Add to cart,Save to list
$3.75,$2.34 / 100G,Woolworths Free From Gluten Chocolate Scotch Finger 160g,4.1,/,651,Add to cart,Save to list
SAVE $1.30,$5.20,$6.50 - $1.39 / 100G,Mayver's Smunchy Protein Plus Peanut Butter 375g,Add to cart,Save to list
$5.00,$3.97 / 100G,Healtheries Rice Wheels Burger Multipack Gluten Free Lunchbox Snacks 21g x 6 Pack,Add to cart,Save to list
$3.00,$2.14 / 100G,Vitasoy Oat Yoghurt Blueberry 140g,Add to cart,Save to list
$6.00,$2.00 / 100G,Beerenberg Raspberry Jam 300g,Add to cart,Save to list
$4.80,$2.40 / 1L,2 FOR $6.00 - $1.50/1L,"Golden Circle Apple, Mango & Banana Juice No Added Sugar Fruit Juices 2l",Add to cart,Save to list
$6.00,$5.00 / 100G,Goodness Me Really Fruit Nuggets & Stick Mix 8 Pack,Add to cart,Save to list
$29.00,$29.00 / 100ML,Invisible Zinc Sport Spf 50+ Mineral Sunscreen Cream 100g,Promoted,Add to cart,Save to list
$4.00,$4.00 / 100G,Pop Box Microwave Popcorn Caramel Crunch Flavour 100g,Promoted,Add to cart,Save to list
$5.00,$3.97 / 100G,Healtheries Rice Wheels Chicken Multipack Gluten Free Lunchbox Snacks 21g x 6 Pack,Add to cart,Save to list
$4.50,$4.50 / 100G,Kellogg's LCMs Unicorn Rice Bubbles Snack Bars 5 pack,Add to cart,Save to list
LOWER AUTUMN PRICE,$4.90,$44.55 / 1KG,RANGE WAS $5.50 - 25/02/2025,Mainland Cheese Snack with Crackers With Balsamic Beetroot 110g,5.0,/,1,Add to cart,Save to list
SAVE $0.85,$3.00,$3.85 - $1.76 / 100G,Moo Greek Style Yoghurt & Granola Honey 170g,Add to cart,Save to list
SAVE $2.95,$2.95,$5.90 - $2.95 / 1L,Cottee's Lemon Cordial Lemon Crush With 40% Fruit Juice Bottle 1L,Add to cart,Save to list
SAVE $2.50,$5.00,$7.50 - $1.32 / 100G,Pic's Peanut Butter Smooth 380g,5.0,/,1,Add to cart,Save to list
EVERYDAY LOW PRICE,$2.20,$4.40 / 1KG,Woolworths Tropical Fruit In Juice 4 Pack,3.7,/,1331,Add to cart,Save to list
$7.50,$2.78 / 100G,Carman's Muesli Bars Classic Fruit & Nut 6 pack,Add to cart,Save to list
$14.90,$2.48 / 1L,Golden Circle Fruit Drinks Lunch Box Poppers Multipack Tropical Punch 250ml x24 Pack,Add to cart,Save to list
$28.00,$9.33 / 100ML,Nivea Sun Protect & Moisture Lock Spf50+ Sunscreen Spray 300ml,Promoted,Add to cart,Save to list
$28.00,$9.33 / 100ML,Nivea Sun Ultra Sport Cooling Sunscreen Trigger Spray Spf50+ 300ml,Promoted,Add to cart,Save to list
SAVE $1.00,$3.50,$4.50 - $2.80 / 100G,Obela Hi Protein Hommus To Go 125g,Promoted,Add to cart,Save to list
$5.00,$50.00 / 1KG,Kraft Bluey Mild Cheese Sticks 5 Pack,Add to cart,Save to list
EVERYDAY LOW PRICE,$6.00,$1.60 / 100G,Macro Organic Smooth Peanut Butter 375g,3.6,/,509,Add to cart,Save to list
SAVE $0.50,$5.50,$6.00 - $1.83 / 100G,Abe's Bagels Thins Natural 6 pack,Add to cart,Save to list
EVERYDAY LOW PRICE,$11.50,$2.13 / 100G,Carman's Muesli Bars Original Fruit Free Value 12 pack,5.0,/,1,Add to cart,Save to list
SAVE $1.50,$9.50,$11.00 - $23.75 / 1KG,Mainland Vintage Cheese Block 400g,Add to cart,Save to list
$7.00,$1.06 / 100G,Burgen Lower Carb High Protein Sunflower & Linseed Bread 660g,5.0,/,1,Add to cart,Save to list
LOWER AUTUMN PRICE,$4.00,$88.89 / 1KG,RANGE WAS $4.80 - 25/02/2025,Local Legends Biltong Orignal 45g,Add to cart,Save to list
$6.00,$4.00 / 100G,The Happy Snack Company Roasted Chickpeas Lightly Salted 6 Pack,4.5,/,37,Add to cart,Save to list
$4.50,$22.50 / 1KG,Woolworths Fresh Pineapple 200G,Add to cart,Save to list
SAVE $1.00,$4.00,$5.00 - $0.33 / 1EA,Woolworths Melting Moments Cookies 12 pack,4.2,/,773,Add to cart,Save to list
$4.20,$0.35 / 1EA,Woolworths Mini Soft Round Rolls 12 pack,4.6,/,413,Afternoon delivery & pick up,Add to cart,Save to list
$3.00,$2.14 / 100G,Vitasoy Oat Yoghurt Summer Fruits 140g,Promoted,Add to cart,Save to list
SAVE $1.00,$3.50,$4.50 - $2.80 / 100G,Obela Hi-Protein To Go Jalapeno Hommus 125g,Promoted,Add to cart,Save to list
$9.50,$3.80 / 100G,Egmont Honey Manuka Honey MGO 30+ 250g,Promoted,Add to cart,Save to list
$4.00,$4.00 / 100G,Pop Box Butter Flavour Microwave Popcorn 100g,Promoted,Add to cart,Save to list
$6.60,$0.04 / 1EA,Hercules Resealable Everyday Sandwich Bags 150 Pack,Add to cart,Save to list
LOWER AUTUMN PRICE,$3.80,$1.46 / 100G,RANGE WAS $4.50 - 25/02/2025,On The Menu Singapore Noodles With Beef 260g,4.5,/,2,Add to cart,Save to list
$6.50,$1.30 / 1EA,Woolworths Chocolate Chunk Cookies 5 Pack,4.5,/,765,Add to cart,Save to list
$5.50,$5.50 / 1L,Bickford's Cranberry Juice Drink 1l,5.0,/,1,Add to cart,Save to list
LOWER AUTUMN PRICE,$3.35,$1.86 / 100G,WAS $3.75 - 25/02/2025,Chris' Dips Hommus 60g x3 Pack,Add to cart,Save to list
SAVE $2.10,$6.90,$9.00 - $15.97 / 1KG,Kraft Singles Light 25% Less Fat 432g,4.0,/,1,Add to cart,Save to list
$5.15,$6.87 / 1L,Liddells Lactose Free Chocolate Milk Long Life UHT Milk 250mL x 3 pack,Add to cart,Save to list
EVERYDAY LOW PRICE,$6.20,$1.11 / 100G,Liddells Lactose Free Probiotic Yoghurt Tropical 140g x 4 Pack,Add to cart,Save to list
EST. RESTOCK 06/04/25,Bega Peanut Butter Smooth 200g,4.0,/,1,Add to cart,Save to list
$4.50,$3.95 / 100G,2 FOR $7.00 - $3.07/100G,The Natural Chip Co Lightly Salted Chips 6 Pack,Add to cart,Save to list
$8.00,$2.29 / 100G,2 FOR $15.00 - $2.14/100G,Woolworths Bolognese Pasta Bake 350g,3.8,/,298,Add to cart,Save to list
$6.00,$24.00 / 1KG,Woolworths Colby Cheese Block 250g,4.5,/,755,Add to cart,Save to list
LOWER AUTUMN PRICE,$3.80,$1.46 / 100G,RANGE WAS $4.50 - 25/02/2025,On The Menu Chicken Fettuccine Frozen Meal 260g,3.7,/,41,Add to cart,Save to list
$2.90,$2.42 / 100G,Woolworths Thin & Crispy Rice Crackers Original 6 pack,4.1,/,98,Add to cart,Save to list
$5.50,$2.75 / 1L,Golden Circle Cordials Golden Pash Cordial 2l,4.6,/,30,Add to cart,Save to list
$4.30,$10.75 / 1L,Nudie Nothing But Orange Pulp Free 400ml,Add to cart,Save to list
EVERYDAY LOW PRICE,$2.40,$2.40 / 1L,Pips Cordial Fruit Cup Crush Double Concentrate 1l,3.8,/,695,Add to cart,Save to list
NEW,$5.00,$2.72 / 100G,Ritz Mini Original Snack Bags 8 pack,Add to cart,Save to list
$7.00,$1.40 / 100G,Western Star Original Spreadable Butter Blend Tub 500g,3.0,/,1, Promoted,Add to cart,Save to list
$4.90,$4.90 / 100G,Vege Chips Barbeque 100g,4.7,/,54,Add to cart,Save to list
$8.00,$2.29 / 100G,2 FOR $15.00 - $2.14/100G,Woolworths Bangers & Mash Chilled Meal 350g,3.5,/,534,Add to cart,Save to list
$5.50,$1.53 / 100G,Abe's Bagels Blueberry Bagels 4 pack,Add to cart,Save to list
$4.50,$90.00 / 1KG,2 FOR $6.70 - $67.00/1KG,Primo Trios Cabanossi Tasty Cheese Sour Cream & Chives Crackers 50g,Add to cart,Save to list
$5.50,$5.09 / 100G,Macro Lentil Bites Pumpkin 6 Pack,4.2,/,429,Add to cart,Save to list
$6.50,$7.22 / 100G,Primo Air - Dried Salami Sticks Mild Pepperoni 5 Pack,Add to cart,Save to list
$6.00,$4.00 / 100G,The Happy Snack Company Roasted Chickpeas Lime And Cracked Pepper 6 Pack,4.6,/,20, Promoted,Add to cart,Save to list
$6.00,$4.00 / 100G,The Happy Snack Company Roasted Chickpeas Lightly Salted 6 Pack,4.5,/,37, Promoted,Add to cart,Save to list
$6.00,$4.00 / 100G,The Happy Snack Company Roasted Fava Beans Smoky Bbq 6 Pack,Promoted,Add to cart,Save to list
EVERYDAY LOW PRICE,$6.50,$1.73 / 100G,Arnotts Shapes Multipack Cracker Biscuits Variety 15 pack,Promoted,Add to cart,Save to list
SAVE $0.60,$4.00,$4.60 - $0.50 / 1EA,Woolworths Mini Apple & Cinnamon Danish 8 Pack,4.0,/,746,Add to cart,Save to list
LOWER AUTUMN PRICE,$3.50,$1.94 / 100G,RANGE WAS $4 - 25/02/2025,Chris' Homestyle Corn Relish 3 x 60g,Add to cart,Save to list
SAVE $0.50,$3.50,$4.00 - $20.59 / 1KG,John West Protein+ Iron Tuna Bowl Capsicum Kidney Bean Chickpeas 170g,Add to cart,Save to list
EVERYDAY LOW PRICE,$10.00,$1.98 / 100G,Nature Valley Crunchy Family Variety Granola Bars 42g x 12 pack,Add to cart,Save to list
$4.00,$1.07 / 100G,3 FOR $10.95 - $0.97/100G,Woolworths Chilli Con Carne With Brown Rice 375g,Add to cart,Save to list
$5.00,$6.67 / 1L,Bickford's Tropical Cordial 750ml,Add to cart,Save to list
$7.50,$4.17 / 100G,Carman's Protein Bars Peanut Butter 4 pack,Add to cart,Save to list
LOWER AUTUMN PRICE,$5.20,$4.33 / 1L,RANGE WAS $6.50 - 25/02/2025,Just Juice Orange Juice 6x200ml,Add to cart,Save to list
$7.50,$5.00 / 100G,Koja Oat Bites Choc Chip 150g,Add to cart,Save to list
EVERYDAY LOW PRICE,$2.40,$2.40 / 1L,Pips Apple Raspberry Flavoured Cordial 1l,3.8,/,1342,Add to cart,Save to list
SAVE $0.50,$5.50,$6.00 - $0.92 / 1EA,Woolworths Scone Homestyle Buttermilk 6 Pack,4.0,/,277,Afternoon delivery & pick up,Add to cart,Save to list
$4.95,$12.38 / 1L,Hunt And Brew Australia Iced Coffee Flavoured Milk 400mL,Add to cart,Save to list
SAVE $1.50,$4.00,$5.50 - $2.16 / 100G,Uncle Tobys Muesli Bars Yoghurt & Mango & Passionfruit 6 Pack,4.4,/,59,Add to cart,Save to list
SAVE $2.05,$6.90,$8.95 - $0.69 / 100G,Flora Margarine Spread Original 1kg,Add to cart,Save to list
SAVE $1.10,$4.40,$5.50 - $1.47 / 1L,Golden Circle Apple Juice No Added Sugar Fruit Juices Breakfast 3l,4.7,/,86,Add to cart,Save to list
EVERYDAY LOW PRICE,$3.00,$1.71 / 100G,Lolly Gobble Popcorn Bag Caramel Nut 175g,Add to cart,Save to list
$9.95,$2.84 / 100G,Strength Meals Co High Protein Teriyaki Chicken With Edamame & Brown Rice 350g,Add to cart,Save to list
$4.90,$6.53 / 100G,Vege Chips Rice Crackers Sour Cream & Chives 75g,4.7,/,34,Add to cart,Save to list
$11.00,$4.40 / 100G,Egmont Honey Manuka Honey MGO 50+ 250g,Promoted,Add to cart,Save to list
$7.00,$1.40 / 100G,Western Star Spreadable Butter Blend Tub Supersoft 500g,Promoted,Add to cart,Save to list
SAVE $1.00,$3.00,$4.00 - $1.20 / 100G,Arnotts Vita Weat 9 Grain Crispbreads 250g,Promoted,Add to cart,Save to list
$6.00,$4.00 / 100G,The Happy Snack Company Roasted Fava Beans Lightly Salted 6 Pack,Promoted,Add to cart,Save to list
SAVE $3.25,$3.25,$6.50,Decor Fresh Seal Clips Container Oblong 1L,Add to cart,Save to list
$4.30,$2.26 / 100G,Sam's Pantry Cookie Dough Low Sugar Protein Bars 5 Pack,4.2,/,525,Add to cart,Save to list
EVERYDAY LOW PRICE,$1.90,$38.00 / 1KG,Woolworths Cheese & Crackers Extra Tasty 50g,4.6,/,1346,Add to cart,Save to list
SAVE $1.00,$3.00,$4.00 - $2.40 / 100G,Arnotts Cruskits Original Crispbreads 125g,Promoted,Add to cart,Save to list
$6.20,$7.38 / 100G,Table Of Plenty Mini Rice Cakes Milk Chocolate Snack Packs 6 pack,Promoted,Add to cart,Save to list
$6.00,$4.80 / 1L,V8 Power Blend Juice Healthy Greens 1.25l,Add to cart,Save to list
$5.00,$20.00 / 1KG,Bega Cheddar Cheese 250g,Add to cart,Save to list
SAVE $0.90,$4.80,$5.70 - $1.69 / 100G,St Dalfour Raspberry 284g 284g,5.0,/,1,Add to cart,Save to list
$6.00,$2.14 / 100G,Lean Cuisine Chicken Carbonara 280g,Add to cart,Save to list
$3.75,$23.44 / 100G,Little Bellies Organic Sweet Potato Pick-Up Sticks 16g,4.6,/,29,Add to cart,Save to list
$5.60,$4.67 / 100G,Nice & Natural 4D Fruit Blocks 6 Pack 120g,Add to cart,Save to list
$5.60,$4.67 / 100G,True Fruit 100% Tropical Fruit Bars 6 Pack,4.7,/,53,Add to cart,Save to list
SAVE $1.50,$4.00,$5.50 - $2.76 / 100G,Uncle Tobys Muesli Bar Chokito 5 Pack 145g,4.2,/,78,Add to cart,Save to list
EST. RESTOCK 07/04/25,Woolworths Corella Pear 750g,View similar,products,             to Woolworths Corella Pear 750g,Save to list
EST. RESTOCK 08/04/25,Arnotts Gluten Free Cookies & Cream Biscuits 120g,Add to cart,Save to list
$15.00,$15.00 / 1EA,Sistema Klip It Plus Rectangle 1l 3 Pack,5.0,/,1, Promoted,Add to cart,Save to list
$5.00,$1.32 / 100G,Uno Penotti Hazelnut Spread 380g,Promoted,Add to cart,Save to list
$8.40,$8.40 / 1EA,Sistema Klip It Plus Rectangle 2.2l,1.0,/,1, Promoted,Add to cart,Save to list
SAVE $1.00,$6.50,$7.50 - $1.48 / 100G,Woolworths Lemon Poppyseed Muffins 4 Pack,4.8,/,680,Add to cart,Save to list
LOWER AUTUMN PRICE,$5.20,$4.33 / 1L,RANGE WAS $6.50 - 25/02/2025,Just Juice Apple & Blackcurrant Juice 6x200ml,5.0,/,1,Add to cart,Save to list
OUT OF STOCK,Little Bellies Organic Sweetcorn Round-a-bouts 12g,4.4,/,29,View similar,products,             to Little Bellies Organic Sweetcorn Round-a-bouts 12g,Save to list
$4.00,$3.20 / 100G,Orgran Gluten Free Crispbread Buckwheat 125g,4.4,/,28,Add to cart,Save to list
$5.70,$22.80 / 1KG,Philadelphia Light Cream Cheese Block 250g,Add to cart,Save to list
SAVE $1.40,$5.30,$6.70 - $7.07 / 1L,Sustagen High Protein Nutrition Top-Up Vanilla Flavour Ready To Drink 250mL x 3 pack,Add to cart,Save to list
$3.80,$4.18 / 100G,Sakata Stars Snack Sized Original Rice Crackers Multipack 13g x 7 Pack,Promoted,Add to cart,Save to list
SAVE $1.50,$3.50,$5.00 - $1.75 / 100G,Arnotts Shapes Multipack Cracker Biscuits Barbecue 8 pack,Promoted,Add to cart,Save to list
$4.00,$4.00 / 100G,Pop Box Mega Butter Microwave Popcorn 100g,Promoted,Add to cart,Save to list
$12.60,$8.40 / 1L,Sanitarium Up&Go Liquid Breakfast Banana 6 Pack,5.0,/,1, Promoted,Add to cart,Save to list
$9.50,$1.27 / 100G,Mayver's Dark Roasted Peanut Butter Crunchy 750g,5.0,/,1,Add to cart,Save to list
$2.90,$0.15 / 1M,Multix Greener Plant Based Cling Wrap 20m,Add to cart,Save to list
$4.50,$100.00 / 1KG,2 FOR $6.70 - $74.44/1KG,Primo Reserve Smoked Ham & Gouda Cheese With Water Crackers 45g,Add to cart,Save to list
$12.60,$8.40 / 1L,Sanitarium Up&Go Protein Energize Choc 250ml x6 Pack,5.0,/,1,Add to cart,Save to list
$7.50,$1.00 / 100G,Woolworths Choc Hazelnut Spread 750g,4.5,/,752,Add to cart,Save to list
EVERYDAY LOW PRICE,$7.00,$14.00 / 1KG,Bega Cream Cheese Spread Spread 500g,Add to cart,Save to list
$5.00,$3.97 / 100G,Healtheries Rice Wheels Cheese Multipack Gluten Free Lunchbox Snacks 21g x 6 Pack,1.0,/,1,Add to cart,Save to list
$5.50,$0.97 / 100G,Mission Super Soft Low Salt Wraps 567g,Add to cart,Save to list
EVERYDAY LOW PRICE,$6.00,$1.60 / 100G,Macro Organic Crunchy Peanut Butter 375g,4.2,/,937,Add to cart,Save to list
$6.00,$2.73 / 100G,Woolworths New York Style Cheesecake 2 Pack,4.3,/,938,Add to cart,Save to list
$2.50,$2.94 / 100G,2 FOR $4.00 - $2.35/100G,Cobs Microwave Pop Corn Best Ever Butter 85g,Add to cart,Save to list
$4.15,$8.30 / 1L,Dare No Added Sugar Espresso Iced Coffee 500ml,Add to cart,Save to list
$4.00,$2.67 / 100G,Golden Days Fruit Apricot Coconut Slice 150g,4.5,/,27,Add to cart,Save to list
$5.60,$0.75 / 100G,Helga's Protein Wholemeal Bread Loaf 750g,Add to cart,Save to list
LOWER AUTUMN PRICE,$5.40,$45.00 / 1KG,RANGE WAS $6 - 25/02/2025,Mainland Cracker Cuts Tasty Cheese Snacks 120g,Add to cart,Save to list
$18.00,$18.00 / 1KG,Riverland Ham Sliced From The Deli Per kg,Add to cart,Save to list
EST. RESTOCK 08/04/25,Mainland Cheese Tasty Block 250g,View similar,products,             to Mainland Cheese Tasty Block 250g,Save to list
$6.90,$4.60 / 100G,Mayver's Natural Health Bars Choc Chip Crunchy Peanut Butter 5 Pack,Add to cart,Save to list
SAVE $2.20,$4.70,$6.90 - $1.87 / 100G,Nature Valley Crunchy Oats & Honey Granola Bars 42g x 6 pack,Promoted,Add to cart,Save to list
SAVE $3.00,$6.50,$9.50 - $1.86 / 100G,CORE Powerfoods Satay Chicken With Rice And Green Beans 350g,Add to cart,Save to list
$3.60,$7.20 / 1L,Dairy Farmers Classic Strawberry Milk 500ml,Add to cart,Save to list
SAVE $1.10,$4.90,$6.00 - $1.09 / 100G,Flora With Butter Spreadable 450g,Add to cart,Save to list
$3.60,$7.20 / 1L,Dairy Farmers Classic Chocolate Milk 500ml,Promoted,Add to cart,Save to list
$12.60,$8.40 / 1L,Sanitarium Up&Go Liquid Breakfast Vanilla Ice 6 Pack,Promoted,Add to cart,Save to list
$12.60,$8.40 / 1L,Sanitarium Up&Go Liquid Breakfast Strawberry 6 Pack,Promoted,Add to cart,Save to list
SAVE $6.60,$15.40,$22.00 - $17.50 / 100ML,Neutrogena Ultra Sheer Face Lotion Sunscreen Spf 50 88ml,Promoted,Add to cart,Save to list
$8.00,$2.29 / 100G,2 FOR $15.00 - $2.14/100G,Woolworths Thai Green Chicken Curry With Rice Chilled Meal 350g,3.5,/,143,Add to cart,Save to list
SAVE $1.05,$4.20,$5.25 - $5.60 / 1L,Dare Caramel Latte Iced Coffee 750ml,Add to cart,Save to list
$5.00,$1.67 / 100G,Woolworths Crispbread & Cheese French Onion Dip 12 Pack,3.9,/,1083,Add to cart,Save to list
$6.50,$6.50 / 1L,Bickford's Cloudy Pear Juice 1l,Add to cart,Save to list
$7.00,$1.00 / 100G,Burgen Cholesterol Lowering Whole Grain & Oats Bread Bakery 700g,Add to cart,Save to list
$4.50,$9.00 / 100G,Health Lab Plant Protein Bar Choc Caramel Fudge Cake 50g,Add to cart,Save to list
$5.30,$2.41 / 100G,Coco & Lucas' Chicken Fried Rice Meal 220g,Add to cart,Save to list
$7.00,$1.87 / 100G,Lean Cuisine Thai Red Chicken Curry With Rice Frozen Meal 375g,Add to cart,Save to list
SAVE $2.60,$3.90,$6.50 - $1.22 / 100G,Weight Watchers Classic Beef Bolognese Frozen Meal 320g,4.0,/,37,Add to cart,Save to list
LOWER AUTUMN PRICE,$5.75,$1.15 / 100G,RANGE WAS $6.50 - 25/02/2025,Woolworths Sliced Carrot Sultana & Walnut Loaf 500g,4.4,/,1174,Add to cart,Save to list
LOWER AUTUMN PRICE,$9.50,$19.00 / 1KG,RANGE WAS $10.50 - 25/02/2025,Bega Tasty Cheese Block So Light 50% 500g,Add to cart,Save to list
$10.00,$47.62 / 1KG,John West Fresh Packed Wild Alaskan Red Salmon 210g,Add to cart,Save to list
$6.20,$7.38 / 100G,Table Of Plenty Mini Rice Cakes Snack Packs Caramel White Choc 6 pack,Add to cart,Save to list
$4.90,$6.53 / 100G,Vege Chips Rice Crackers Cheese 75g,4.4,/,26,Add to cart,Save to list
$5.20,$26.00 / 1KG,Woolworths Danish Havarti Cheese Slices 200g,4.5,/,1038,Add to cart,Save to list
$4.00,$2.67 / 100G,Gippsland Dairy Crafted Yoghurt With Peaches & Cream & Raspberry Compote 150g,5.0,/,1,Add to cart,Save to list
SAVE $0.50,$5.00,$5.50 - $5.00 / 1L,Impressed Cold Pressed Juice Ginger Ninja 1l,Add to cart,Save to list
SAVE $1.50,$4.00,$5.50 - $2.76 / 100G,Uncle Tobys Muesli Bar Crunch 5 Pack 145g,Add to cart,Save to list
$5.70,$22.80 / 1KG,Philadelphia Original Cream Cheese Block 250g,Promoted,Add to cart,Save to list
SAVE $1.50,$6.00,$7.50 - $2.50 / 100G,Kellogg's LCMs Kaleidos Rice Bubbles Snack Bars 12 pack,Add to cart,Save to list
SAVE $2.50,$4.50,$7.00 - $1.34 / 100G,Lean Cuisine Beef Tortellini 335g,Add to cart,Save to list
SAVE $0.70,$4.00,$4.70 - $8.33 / 1KG,SPC Tropics Mangoes In Juice Fruit Cups 4 x 120g,Add to cart,Save to list
SAVE $1.40,$5.30,$6.70 - $7.07 / 1L,Sustagen High Protein Nutrition Top-Up Strawberry Ready To Drink 250mL x 3 pack,Promoted,Add to cart,Save to list
$25.00,DESIGNS MAY VARY,Contigo Kids Aubrey Water Bottle Assorted each,Promoted,Add to cart,Save to list
SAVE $4.60,$6.90,$11.50,DESIGNS MAY VARY,Sistema Hydrate Twist n Sip Water Drink Bottle 800mL each,Promoted,Add to cart,Save to list
$22.00,$11.96 / 100G,Neutrogena Beach Defence Spray Sunscreen Spf 50 184g,Promoted,Add to cart,Save to list
$4.30,$25.29 / 1KG,2 FOR $7.00 - $20.59/1KG,Sirena Sicilian Style Pasta With Tuna 170g,Add to cart,Save to list
SAVE $1.00,$2.50,$3.50 - $41.67 / 1L,The Juice Lab Wellness Digest Gut Health Super Shot 60ml,Add to cart,Save to list
SAVE $1.50,$4.00,$5.50 - $3.03 / 100G,Uncle Tobys Le Snak Cheddar Cheese Dip & Crackers 6 Pack,3.4,/,30,Add to cart,Save to list
$8.00,$2.29 / 100G,2 FOR $15.00 - $2.14/100G,Woolworths Spinach & Ricotta Tortellini Napolitana Sauce Chilled Meal 350g,4.0,/,316,Add to cart,Save to list
SAVE $2.30,$3.45,$5.75 - $0.75 / 100G,Danone Ultimate Yoghurt Banana Delight 115g x 4 pack,Add to cart,Save to list
SAVE $1.50,$8.00,$9.50 - $19.28 / 1KG,John West Wild Alaskan Pink Salmon 415g,Add to cart,Save to list
EVERYDAY LOW PRICE,$2.10,$1.75 / 100G,Woolworths Gluten Free Popcorn Sweet & Salty 120g,4.6,/,1594,Add to cart,Save to list
$5.00,$4.17 / 100G,Arnotts Gluten Free Tiny Teddy Choc Chip Biscuits 120g,Add to cart,Save to list
SAVE $2.95,$2.95,$5.90 - $2.95 / 1L,Cottee's Zero Sugar Cordial Apple & Raspberry Cordial Bottle 1l,5.0,/,1,Add to cart,Save to list
$5.50,$4.23 / 100G,Arnotts Gluten Free teeVee Snacks Original Biscuits 130g,Add to cart,Save to list
SAVE $1.00,$5.00,$6.00 - $0.10 / 1M,Glad To Be Green 50% Plant Based Cling Wrap 50m,Add to cart,Save to list
$5.25,$7.00 / 1L,Ice Break Iced Coffee Triple Shot Flavoured Milk 750mL,Add to cart,Save to list
EVERYDAY LOW PRICE,$9.00,$2.27 / 100G,Kellogg's LCMs Split Stix Variety Family Pack Bars 18 pack,Add to cart,Save to list
$3.50,Mint Food Storage Container 650ml 3 pack,4.6,/,11,Add to cart,Save to list
$6.40,$4.27 / 1L,Ocean Spray Ruby Red Grapefruit Juice Drink 1.5l,Add to cart,Save to list
SAVE $1.00,$2.50,$3.50 - $41.67 / 1L,The Juice Lab Focus Brain Power Super Shot 60ml,Add to cart,Save to list
EVERYDAY LOW PRICE,$9.00,$1.80 / 100ML,Woolworths Sunscreen Spf 50+ 500ml,Add to cart,Save to list
SAVE $10.50,$30.50,$41.00,Brita Water Filter Cartridge Maxtra Pro Pure Performance 3 pack,Add to cart,Save to list
EVERYDAY LOW PRICE,$4.00,$1.60 / 100G,Arnotts Sao Crackers 250g,Promoted,Add to cart,Save to list
$5.00,$4.00 / 1L,H2Juice Pineapple 1.25l,4.1,/,47,Add to cart,Save to list
SAVE $0.35,$1.65,$2.00 - $13.75 / 100G,Little Bellies Puffs Blueberry 12g,4.6,/,28,Add to cart,Save to list
EVERYDAY LOW PRICE,$2.40,$2.40 / 1L,Pips Cordial Lime Double Concentrate 1l,4.0,/,983,Add to cart,Save to list
EVERYDAY LOW PRICE,$3.80,$84.44 / 1KG,Woolworths Australian Beef Smokey Biltong 45g,3.8,/,681,Add to cart,Save to list
EVERYDAY LOW PRICE,$6.50,$0.68 / 100G,Yoplait Forme Zero Tropical Paradise Yoghurts 6 Pack,Add to cart,Save to list
$4.40,$44.00 / 1KG,D'Orsogna Deli Fresh Ham Honey 100g,Add to cart,Save to list
SAVE $1.60,$2.40,$4.00 - $4.00 / 100G,Table Of Plenty Air Popped Mini Rice Cakes Salt & Vinegar 60g,Add to cart,Save to list
$4.30,$0.86 / 1EA,Woolworths Plantitude Granola Cookies 5 Pack,4.3,/,526,Add to cart,Save to list
SAVE $3.00,$6.50,$9.50 - $1.86 / 100G,CORE Powerfoods Core Powerfoods Holy Meatballs 350g,Add to cart,Save to list
SAVE $0.95,$3.00,$3.95 - $5.00 / 1L,OAK Vanilla Malt Flavoured Milk 600mL,Add to cart,Save to list
$4.60,$3.83 / 1L,Prima Apple Fruit Drink 6x200ml,Add to cart,Save to list
$5.00,$8.93 / 100G,Temole Cauliflower Puffs Sea Salt 56g,4.3,/,3,Add to cart,Save to list
$7.50,$5.00 / 100G,Koja Bickie Bites Choc Chip 150g,Add to cart,Save to list
$6.00,$1.54 / 100G,McVitie's Digestives Minis Biscuits Multipack 12 Pack,Add to cart,Save to list
$28.00,$7.00 / 100ML,Nivea Sun Protect & Moisture Lock Spf50+ Sunscreen 400ml,Promoted,Add to cart,Save to list
$21.50,$10.75 / 100ML,Nivea Sun Protect & Moisture Lock Spf50+ Sunscreen 200ml,Promoted,Add to cart,Save to list
$28.00,$9.33 / 100ML,Nivea Sun Protect & Moisture Lock Spf50+ Sunscreen Spray 300ml,Promoted,Add to cart,Save to list
$7.50,$3.13 / 100G,Noshu 95% Sugar Free Banana Bread Slices 240g,Add to cart,Save to list
EVERYDAY LOW PRICE,$4.30,$1.15 / 100G,Rose's Raspberry Conserve 375g,Add to cart,Save to list
SAVE $0.90,$4.80,$5.70 - $1.69 / 100G,St Dalfour Wild Blueberry 284g 284g,Add to cart,Save to list
LOWER AUTUMN PRICE,$8.50,$2.43 / 100G,RANGE WAS $9.50 - 25/02/2025,Strength Meals Co Butter Chicken 350g,3.3,/,204,Add to cart,Save to list
SAVE $0.30,$5.20,$5.50 - $43.33 / 1KG,Tibaldi Signature Collection Wafer Thin Australian Leg Ham 120g,Add to cart,Save to list
LOWER AUTUMN PRICE,$2.50,$65.79 / 1KG,RANGE WAS $3 - 25/02/2025,Bega Vintage Cheese & Crackers Strong & Bitey 38g,Add to cart,Save to list
$28.00,$9.33 / 100ML,Nivea Sun Ultra Sport Cooling Sunscreen Trigger Spray Spf50+ 300ml,Promoted,Add to cart,Save to list
SAVE $1.00,$3.50,$4.50 - $2.80 / 100G,Obela Hi Protein Hommus To Go 125g,Promoted,Add to cart,Save to list
$5.50,$14.67 / 1L,The Man Shake Fuel High Protein Health Shake Iced Coffee 375mL,Promoted,Add to cart,Save to list
$33.00,DESIGNS MAY VARY,Contigo Ashland 946ml Water Bottle Assorted each,Promoted,Add to cart,Save to list
$7.00,$28.00 / 1KG,Cheer Cheese Tasty Cheese Slices 250g,4.7,/,34,Add to cart,Save to list
SAVE $0.70,$2.50,$3.20 - $166.67 / 1KG,Frisp Mango Crisps 15g,Add to cart,Save to list
$6.00,$6.00 / 100G,Olina's Bakehouse Gluten Free Crackers Pepita Seed 100G,4.6,/,65,Add to cart,Save to list
LOWER AUTUMN PRICE,$8.50,$2.43 / 100G,RANGE WAS $9.50 - 25/02/2025,Strength Meals Co High Protein Spaghetti Bolognese 350g,Add to cart,Save to list
SAVE $2.95,$2.95,$5.90 - $2.95 / 1L,Cottee's Raspberry Cordial Bottle Raspberry 1l,Add to cart,Save to list
$7.00,$1.87 / 100G,"Lean Cuisine Chicken, Cheese & Pepper Pasta Frozen Meal 375g",4.0,/,1,Add to cart,Save to list
SAVE $1.00,$3.50,$4.50 - $0.76 / 100G,Skippy Creamy Peanut Butter 462g,Add to cart,Save to list
SAVE $1.00,$4.00,$5.00 - $8.89 / 1KG,"Snacktacular Fruit Pouch Apple, Raspberry & Blueberry Puree 90g x 5 Pack",Add to cart,Save to list
SAVE $1.50,$6.00,$7.50 - $24.00 / 1KG,Bega Colby Cheese Slices 250g,Add to cart,Save to list
$2.70,$1.93 / 100G,Chobani Greek Yogurt Pouch Natural 140g,Add to cart,Save to list
SAVE $2.95,$2.95,$5.90 - $2.95 / 1L,Cottee's Fruit Cup Cordial With 40% Fruit Juice Bottle 1l,Add to cart,Save to list
SAVE $0.95,$3.00,$3.95 - $5.00 / 1L,OAK Strawberry Flavoured Milk 600mL,Add to cart,Save to list
$3.80,$2.62 / 100G,Woolworths Free From Gluten Mint Creme Biscuit 145g,4.1,/,518,Add to cart,Save to list
EVERYDAY LOW PRICE,$2.10,$18.75 / 1KG,Woolworths Tuna Sweet Chilli With Crackers 112g,4.0,/,856,Add to cart,Save to list
$5.50,$1.53 / 100G,Abe's Bagels Brioche Bagels 4 Pack,Add to cart,Save to list
$4.40,$44.00 / 1KG,D'Orsogna Triple Smoked Leg Ham 100g,Add to cart,Save to list
$3.50,$0.23 / 1EA,Glad Resealable Medium Storage Bags 15 Pack,Add to cart,Save to list
SAVE $0.35,$1.65,$2.00 - $20.63 / 100G,Little Bellies Organic Pumpkin & Carrot Softcorn 8g,Add to cart,Save to list
SAVE $0.90,$2.95,$3.85 - $0.15 / 1EA,Hercules Freezer Guard Resealable Freezer Bags Twin Zip Medium 20 Pack,Add to cart,Save to list
EST. RESTOCK 12/04/25,Macro Lentil Bites Beetroot 6 Pack,4.7,/,111,View similar,products,             to Macro Lentil Bites Beetroot 6 Pack,Save to list
$6.00,$6.00 / 1L,Nudie Nothing But Apple Juice 1l,Add to cart,Save to list
$4.90,$6.53 / 1L,OAK Strawberry Flavoured Milk 750mL,Add to cart,Save to list
$4.50,$6.00 / 1L,V8 Tropical Juce Multipack 3 x 250ml,Add to cart,Save to list
$3.00,$2.14 / 100G,Vitasoy Oat Yoghurt Summer Fruits 140g,Promoted,Add to cart,Save to list
SAVE $1.00,$3.50,$4.50 - $2.80 / 100G,Obela Hi-Protein To Go Jalapeno Hommus 125g,Promoted,Add to cart,Save to list
$5.50,$14.67 / 1L,The Man Shake Fuel Chocolate Health Shake 375mL,Promoted,Add to cart,Save to list
$9.50,$3.80 / 100G,Egmont Honey Manuka Honey MGO 30+ 250g,Promoted,Add to cart,Save to list
SAVE $1.90,$4.00,$5.90 - $4.00 / 100G,Carman's Crackle Rice Puff Bars 5 pack,Add to cart,Save to list
SAVE $1.60,$5.00,$6.60 - $31.25 / 1KG,Don Italian Style Salami 160g,Add to cart,Save to list
$13.00,$0.22 / 1M,Armada Aluminium Foil 60m,4.8,/,643,Add to cart,Save to list
OUT OF STOCK,Ausfresh Tomato Medley 250g,View similar,products,             to Ausfresh Tomato Medley 250g,Save to list
$6.50,$40.63 / 100G,Ceres Organics Seaweed Teriyaki Multipack 8x2g Each,Add to cart,Save to list
SAVE $0.90,$3.00,$3.90 - $1.50 / 100G,Coyo Dairy Free Coconut Yoghurt Probiotic Mixed Berry 200g,Add to cart,Save to list
SAVE $0.80,$2.20,$3.00 - $3.67 / 100G,Koja Maple Oat Bar 60g,Add to cart,Save to list
EVERYDAY LOW PRICE,$3.50,$1.46 / 100G,Tasti Mega Baked Muffin Snack Bars Choc Fudge 6 Pack 240g,Add to cart,Save to list
$4.50,$37.50 / 1L,Bae Juice 100% Korean Pear Juice 120mL,3.3,/,7,Add to cart,Save to list
LOWER AUTUMN PRICE,$6.50,$2.03 / 100G,RANGE WAS $7.50 - 25/02/2025,McCain Lamb Cutlet & Gravy Frozen 320g,3.7,/,30,Add to cart,Save to list
$11.00,$3.67 / 1L,Nudie Nothing But Apples Cloudy Juice 3l,Add to cart,Save to list
EVERYDAY LOW PRICE,$4.10,$0.59 / 100G,Tip Top Sunblest White Thick Bread 700G,Add to cart,Save to list
$6.00,$2.00 / 100G,Beerenberg Blackberry Jam 300g,4.0,/,1,Add to cart,Save to list
$2.50,$0.56 / 100G,Gardener Plum Jam 450g,4.0,/,1137,Add to cart,Save to list
SAVE $0.35,$2.50,$2.85 - $2.50 / 100G,Only Organic Mango Banana Passion Flaxseed Coconut & Flaxseed 100g,Add to cart,Save to list
EVERYDAY LOW PRICE,$2.40,$9.60 / 1L,Pauls Bluey Strawberry Flavoured Milk 250mL,Add to cart,Save to list
$4.40,$55.00 / 1KG,D'Orsogna Deli Fresh Lightly Smoked Turkey 80g,Add to cart,Save to list
$4.20,$0.35 / 1EA,Woolworths Mini Crusty Entertainer Rolls 12 pack,4.5,/,268,Afternoon delivery & pick up,Add to cart,Save to list
SAVE $0.50,$5.50,$6.00 - $1.83 / 100G,Abe's Bagels Thins Sesame 6 Pack,Add to cart,Save to list
$3.40,$103.03 / 1KG,Arnotts Jatz Cracker Biscuits & Extra Tasty Cheese 33g,Add to cart,Save to list
$10.00,$11.11 / 100G,Funday Kids Flavoured Gummy Frogs Raspberry 90g,Add to cart,Save to list
SAVE $2.20,$4.70,$6.90 - $1.87 / 100G,Nature Valley Crunchy Variety Granola Bars 42g x 6 pack,Add to cart,Save to list
IN-STORE ONLY,Select Apple Red Delicious 1kg Punnet,View similar,products,             to Select Apple Red Delicious 1kg Punnet,Save to list
$7.90,$1.58 / 100G,Abbott's Bakery Gluten Free Soy & Linseed Sandwich Slice Bread Loaf 500g,5.0,/,2,Add to cart,Save to list
$6.00,$4.00 / 100G,The Happy Snack Company Kids Fava Beans Pizza 10 Pack,4.2,/,9, Promoted,Add to cart,Save to list
$7.00,$1.40 / 100G,Western Star Original Spreadable Butter Blend Tub 500g,3.0,/,1, Promoted,Add to cart,Save to list
$6.00,$4.00 / 100G,The Happy Snack Company Roasted Chickpeas Lime And Cracked Pepper 6 Pack,4.6,/,20, Promoted,Add to cart,Save to list
$6.00,$4.00 / 100G,The Happy Snack Company Roasted Chickpeas Lightly Salted 6 Pack,4.5,/,37, Promoted,Add to cart,Save to list
SAVE $4.35,$4.35,$8.70,Decor Microsafe Microwavable Oblong Container 1.6L,1.0,/,1,Add to cart,Save to list
SAVE $0.90,$2.95,$3.85 - $0.20 / 1EA,Hercules Freezer Guard Resealable Freezer Bags Twin Zip Large 15 Pack,Add to cart,Save to list
$6.50,$6.50 / 1L,Sunraysia Juice Pomegranate 1l,Add to cart,Save to list
$6.00,$1.45 / 100G,Vegie Delights Plant Based Nutmeat 415g,4.4,/,31,Add to cart,Save to list
EVERYDAY LOW PRICE,$3.00,$4.00 / 1L,Woolworths Lime Cordial 750ml,4.1,/,1050,Add to cart,Save to list
SAVE $0.50,$3.50,$4.00 - $20.59 / 1KG,John West Protein+ Vitamin e Tuna Bowl Red Rice Lemongrass& Chickpeas 170g,5.0,/,3,Add to cart,Save to list
SAVE $1.60,$2.40,$4.00 - $4.00 / 100G,Table Of Plenty Air Popped Mini Rice Cakes Sour Cream & Chives 60g,Add to cart,Save to list
SAVE $1.50,$4.00,$5.50 - $3.03 / 100G,Uncle Tobys Le Snak French Onion 6 Pack,3.8,/,15,Add to cart,Save to list
EVERYDAY LOW PRICE,$1.20,$0.01 / 1EA,Armada Sandwich Bags 150 Pack,3.7,/,430,Add to cart,Save to list
SAVE $1.40,$5.50,$6.90 - $1.49 / 100G,Bonne Maman Apricot Jam 370g,5.0,/,1,Add to cart,Save to list
SAVE $1.00,$2.00,$3.00 - $1.33 / 100G,Five:Am Organic Yoghurt Vanilla Bean 150g,Add to cart,Save to list
$6.95,$4.63 / 1L,Grove Juice Orange With Pulp Juice 1.5l,Add to cart,Save to list
SAVE $1.20,$1.20,$2.40 - $0.86 / 100G,Vaalia Kids Priobiotic Yoghurt Pineapple & Coconut 140g,Add to cart,Save to list
EVERYDAY LOW PRICE,$8.00,$3.03 / 100G,Nice & Natural Fruit Mythical Mix 16 Pack,Add to cart,Save to list
$9.95,$2.84 / 100G,Strength Meals Co Classic Chicken Dinner With Gravy 350g,Add to cart,Save to list
SAVE $2.30,$3.45,$5.75 - $0.75 / 100G,Ultimate Danone Double Cream Yoghurt Blueberry 115g x 4 Pack,Add to cart,Save to list
$7.00,$1.40 / 100G,Wonder Gluten Free Wholemeal Bread 500g,Add to cart,Save to list
EVERYDAY LOW PRICE,$7.00,$2.50 / 100G,Woolworths Free From Gluten Eng Muffins 4 Pack,4.2,/,396,Add to cart,Save to list
EVERYDAY LOW PRICE,$2.00,$0.25 / 1EA,Woolworths Mini Cinnamon Donut 8 Pack,Afternoon delivery & pick up,Add to cart,Save to list
SAVE $0.60,$4.00,$4.60 - $0.50 / 1EA,Woolworths Mini Feta & Spinach Swirl 8 Pack,4.2,/,1223,Afternoon delivery & pick up,Add to cart,Save to list
EVERYDAY LOW PRICE,$6.50,$0.68 / 100G,Yoplait Lactose Free Vanilla Yoghurt 6 Pack,Add to cart,Save to list
LOWER AUTUMN PRICE,$6.50,$2.03 / 100G,RANGE WAS $7.50 - 25/02/2025,McCain Dinner Veal Cordon Bleu Frozen Meal 320g,4.0,/,36,Add to cart,Save to list
$4.50,$100.00 / 1KG,2 FOR $6.70 - $74.44/1KG,Primo Reserve Mild Sopressa & Gouda Cheese With Water Crackers 45g,Add to cart,Save to list
$6.00,$4.00 / 100G,The Happy Snack Company Roasted Fava Beans Sea Salt And Balsamic Vinegar 6 Pack,4.8,/,36, Promoted,Add to cart,Save to list
$6.00,$4.00 / 100G,The Happy Snack Company Roasted Fava Beans Smoky Bbq 6 Pack,Promoted,Add to cart,Save to list
$6.00,$3.00 / 100G,The Happy Snack Company Roasted Chickpeas Lightly Salted 200g,4.2,/,21, Promoted,Add to cart,Save to list
$7.00,$1.40 / 100G,Western Star Spreadable Butter Blend Tub Supersoft 500g,Promoted,Add to cart,Save to list
$5.00,$0.95 / 100G,Simson's Pantry Mixed Wholegrain Wraps Wraps 8 Pack,Add to cart,Save to list
SAVE $0.90,$4.80,$5.70 - $1.69 / 100G,St Dalfour Apricot 284g 284g,Add to cart,Save to list
$4.50,$6.00 / 1L,V8 Breakfast Juice Multipack 3 x 250ml,Add to cart,Save to list
SAVE $2.60,$3.90,$6.50 - $1.30 / 100G,Weight Watchers Chicken & Mushroom Fettuccine 300g,Add to cart,Save to list
$5.70,$1.24 / 100G,Woolworths Free From Gluten Fruit Bread Loaf 460g,3.9,/,186,Add to cart,Save to list
$3.80,$0.76 / 1EA,Woolworths Oatmeal & Raisin Cookies 5 Pack,4.0,/,1105,Add to cart,Save to list
$4.65,$5.47 / 100G,Little Bellies Organic Apricot Date & Oat Bar 5 Pack,4.4,/,37,Add to cart,Save to list
EVERYDAY LOW PRICE,$10.00,$1.98 / 100G,Nature Valley Crunchy Family Oats & Honey Granola Bars 42g x 12 pack,Add to cart,Save to list
SAVE $2.20,$4.70,$6.90 - $1.87 / 100G,Nature Valley Crunchy Canadian Maple Syrup Granola Bars 42g x 6 pack,Add to cart,Save to list
OUT OF STOCK,Woolworths Kiwi Fruit Green 8 Pack,View similar,products,             to Woolworths Kiwi Fruit Green 8 Pack,Save to list
$4.00,$12.12 / 1L,Famous Soda Co Zero Sugar Tangerine 330ml,Add to cart,Save to list
$4.80,$4.80 / 1L,Impressed Pressed Juice Berry Bliss 1l,Add to cart,Save to list
EVERYDAY LOW PRICE,$3.20,$32.00 / 1KG,Paramount Salmon Pure Pink 100g,1.5,/,2,Add to cart,Save to list
SAVE $3.00,$6.50,$9.50 - $1.86 / 100G,CORE Powerfoods Penne Bolognese 350g,Add to cart,Save to list
$4.00,$6.15 / 100G,2 FOR $7.00 - $5.38/100G,Cobs Natural Popcorn Sour Cream & Chives 5 Packs 65g,Add to cart,Save to list
SAVE $0.90,$3.60,$4.50 - $1.50 / 100G,Old El Paso Wholegrain Tortilla Fajita Wraps 6 pack,Add to cart,Save to list
EVERYDAY LOW PRICE,$3.45,$16.43 / 1KG,Woolworths Pink Salmon 210g,4.1,/,701,Add to cart,Save to list
$5.30,$26.50 / 1KG,Angas Park Fuji Apple Wedges 200g,Add to cart,Save to list
EVERYDAY LOW PRICE,$3.35,$0.56 / 1EA,Woolworths Jumbo Wholemeal Rolls 6 pack,4.7,/,189,Afternoon delivery & pick up,Add to cart,Save to list
$6.20,$7.38 / 100G,Table Of Plenty Mini Rice Cakes Milk Chocolate Snack Packs 6 pack,Promoted,Add to cart,Save to list
$3.30,$3.14 / 100G,Sunbites Sea Salt Snack Crackers With Quinoa Share Pack 105g,4.7,/,55, Promoted,Add to cart,Save to list
$6.20,$7.38 / 100G,Table Of Plenty Mini Rice Cakes Berry Yoghurt Topped 6 pack,Promoted,Add to cart,Save to list
EVERYDAY LOW PRICE,$10.00,$1.98 / 100G,Nature Valley Crunchy Family Variety Granola Bars 42g x 12 pack,Promoted,Add to cart,Save to list
$7.00,$2.06 / 100G,Capilano 100% Pure Australian Honey Organic Raw Squeeze 340g,Add to cart,Save to list
EVERYDAY LOW PRICE,$5.00,$0.59 / 100G,Helga's Grain Bread Soy & Linseed 750g,Add to cart,Save to list
$2.50,$3.33 / 100G,Macro Chia Sesame Snaps 3 pack,4.3,/,800,Add to cart,Save to list
$6.00,$9.23 / 100G,DJ&A Shiitake Mushroom Crisps 65g,Add to cart,Save to list
SAVE $0.95,$3.00,$3.95 - $6.00 / 1L,Ice Break Iced Coffee Triple Shot Flavoured Milk 500mL,Add to cart,Save to list
SAVE $0.50,$5.50,$6.00 - $7.33 / 1L,Bickford's Blackcurrant Fruit Juice Syrup 750ml,Add to cart,Save to list
$6.00,$21.43 / 100G,Rafferty's Garden Mixed Berry Yoghurt Buttons Baby Food Snack 12+ Months 28g,4.6,/,28,Add to cart,Save to list
$3.50,$1.09 / 100G,Wonder Wholemeal Mini Loaf 320g,Add to cart,Save to list
$3.50,$8.75 / 100G,Keep It Cleaner Plant Based Protein Choc Cherry 40g,Add to cart,Save to list
$7.95,$4.42 / 100G,Sweet William Rice Crackle Chocolate Koalas 12 Pack,Add to cart,Save to list
$6.90,$1.52 / 100G,Barker's Anathoth Farm Strawberry Jam 455g,Add to cart,Save to list
EVERYDAY LOW PRICE,$3.75,$3.75 / 1L,P&N Fruit Juice Cranberry Drink 1L,Add to cart,Save to list
$4.50,$4.09 / 100G,Cobs Drizzl'd Milk Chocolate Sea Salt Caramel Popcorn 110g,3.0,/,1,Add to cart,Save to list
EST. RESTOCK 06/04/25,Woolworths Free From Gluten Brioche Style Burger Buns 4 Pack,2.6,/,658,Add to cart,Save to list
SAVE $2.00,$6.50,$8.50 - $2.65 / 100G,FroPro Protein Burrito Chicken Souvlaki Tortilla 245g,Add to cart,Save to list
$5.50,$0.06 / 1EA,Glad Snaplock Reseal Sandwich Bags 100 Pack,5.0,/,1,Add to cart,Save to list
$3.30,$6.60 / 1L,Mildura Orange Mango Fruit Drink 500ml,Add to cart,Save to list
SAVE $1.95,$4.55,$6.50 - $2.28 / 100G,Nice & Natural Deluxe Protein Bar Salted Caramel Cashew & Choc 5 Pack 200g,Add to cart,Save to list
$3.30,$6.60 / 1L,Mildura Orange Passionfruit Fruit Drink 500ml,Add to cart,Save to list
SAVE $1.95,$4.55,$6.50 - $2.60 / 100G,Nice & Natural Nut Butter Bars Peanut Butter With Milk Choc 5 Pack,Add to cart,Save to list
$9.50,$4.75 / 1L,Nudie Nothing But Orange Double Pulp 2l,Add to cart,Save to list
SAVE $1.00,$3.50,$4.50 - $2.80 / 100G,Obela Hi Protein Hommus To Go 125g,Add to cart,Save to list
$4.70,$25.41 / 1KG,Sirena Tuna In Lite Oil Italian Style 185g,Add to cart,Save to list
$3.90,$31.20 / 1KG,Sirena Tuna Slices Chilli & Oil 125g,Add to cart,Save to list
$8.00,$4.00 / 1EA,Woolworths Baked Cheesecake With Biscoff 2 pack,4.5,/,316,Add to cart,Save to list
LOWER AUTUMN PRICE,$5.60,$1.40 / 100G,RANGE WAS $6.25 - 27/03/2025,Woolworths Raspberry & White Chocolate Muffin Bar 10 Pack,4.4,/,277,Add to cart,Save to list
SAVE $0.90,$3.00,$3.90 - $1.50 / 100G,Coyo Dairy Free Coconut Yoghurt Probiotic Mango 200g,Add to cart,Save to list
$4.00,$12.12 / 1L,Famous Soda Co Pink Lemonade 330ml,Add to cart,Save to list
SAVE $1.00,$4.00,$5.00 - $8.89 / 1KG,Snacktacular Fruity Pouch Fruit Puree Apple & Strawberry Paw Patrol 90g x 5 pack,5.0,/,1,Add to cart,Save to list
$7.00,$7.00 / 100G,Wallaby Oven Baked Pretzel Twists Sea Salt 100g,Add to cart,Save to list
$4.00,$3.20 / 100G,Orgran Gluten Free Crispbread Sweet Potato & Pumpkin 125g,5.0,/,1,Add to cart,Save to list
$2.60,$5.42 / 1KG,Woolworths Apple In Pineapple Jelly 4 Pack,4.0,/,1015,Add to cart,Save to list
$6.50,$32.50 / 1KG,Cheer Tasty Cheese Block 200g,4.7,/,34,Add to cart,Save to list
$2.50,$0.63 / 100G,Gold Coast Bakery White Sliced Half Loaf 400g,Add to cart,Save to list
$7.00,$2.12 / 100G,Lean Cuisine Veg'd Up Classics Spinach & Ricotta Cannelloni 330g,Add to cart,Save to list
$3.80,$4.18 / 100G,Sakata Stars Snack Sized Cheese Rice Crackers Multipack 13g x 7 Pack,Promoted,Add to cart,Save to list
$6.50,$6.50 / 1L,Bickford's Cherry Juice 1l,5.0,/,1,Add to cart,Save to list
$9.20,$36.80 / 1KG,Cracker Barrel Vintage Cheddar Cheese Slices Extra Sharp 250g,Add to cart,Save to list
$3.50,$0.06 / 1EA,Glad Resealable Snack Bags 60 Pack,Add to cart,Save to list
SAVE $0.35,$2.50,$2.85 - $2.50 / 100G,Only Organic Banana Mixed Berry Coconut & Chia 100g,Add to cart,Save to list
EVERYDAY LOW PRICE,$6.00,$28.57 / 1KG,Woolworths Red Salmon 210g,4.2,/,445,Add to cart,Save to list
$12.75,$6.38 / 100G,Health Lab Chewy Choc Chip Peanut Butter Protein Balls 5 Pack,Add to cart,Save to list
SAVE $1.50,$3.50,$5.00 - $1.75 / 100G,Arnotts Shapes Multipack Cracker Biscuits Pizza 8 pack,Promoted,Add to cart,Save to list
SAVE $1.40,$5.30,$6.70 - $7.07 / 1L,Sustagen High Protein Nutrition Top-Up Dutch Chocolate Ready To Drink 250mL x 3 pack,Promoted,Add to cart,Save to list
$7.00,$1.40 / 100G,Western Star Spreadable Butter Blend Tub Soft 'n' Less Salt 500g,Promoted,Add to cart,Save to list
$6.20,$7.38 / 100G,Table Of Plenty Mini Rice Cakes Dark Chocolate Snack Packs 6 pack,Promoted,Add to cart,Save to list
$6.00,$2.40 / 100G,"Macro Natural Brazil, Almond & Cashew Spread 250g",4.0,/,90,Add to cart,Save to list
$5.00,$6.67 / 1L,Bickford's Tropical Flavoured Cordial Sugar Free 750ml,5.0,/,1,Add to cart,Save to list
SAVE $1.90,$4.00,$5.90 - $2.67 / 100G,Carman's Protein Oat Bars Choc Berry 5 pack,Add to cart,Save to list
SAVE $2.25,$2.25,$4.50,Decor Fresh Seal Clips Container Oblong 350mL,Add to cart,Save to list
$5.50,$5.50 / 100G,Nibblish Pure Fruit Swirls Strawberry 100g,Add to cart,Save to list
SAVE $0.55,$3.95,$4.50 - $0.40 / 100G,Rama Original Spread 1Kg,Add to cart,Save to list
$4.80,$1.92 / 100G,Sanitarium Marmite Spread 250g,Add to cart,Save to list
$7.50,$4.29 / 100G,Carman's Nut Bars Almond Hazelnut & Vanilla 5 pack,Add to cart,Save to list
SAVE $2.94,$4.41,$7.35,Sistema Mini Bites Stackable Containers Bpa Free 3x130ml,5.0,/,2,Add to cart,Save to list
SAVE $1.50,$4.00,$5.50 - $2.16 / 100G,Uncle Tobys Chewy Muesli Bars Mint Chocolate 6 Pack 185g,4.3,/,80,Add to cart,Save to list
$8.00,$2.29 / 100G,2 FOR $15.00 - $2.14/100G,Woolworths Singapore Noodles Chilled Meal 350g,3.1,/,330,Add to cart,Save to list
$5.00,$6.67 / 1L,Bickford's Diet Lime Cordial 750ml,Add to cart,Save to list
$8.00,$2.29 / 100G,2 FOR $15.00 - $2.14/100G,Woolworths Teriyaki Chicken With Basmati Rice 350g,3.1,/,151,Add to cart,Save to list
$8.00,$2.29 / 100G,2 FOR $15.00 - $2.14/100G,Woolworths Tuna Mornay Bake 350g,3.9,/,356,Add to cart,Save to list
SAVE $0.85,$6.60,$7.45 - $5.50 / 1L,Devondale Moo Strawberry Long Life Lunchbox Milk 200mL x 6 pack,Add to cart,Save to list
$6.95,$4.63 / 1L,Grove Juice Orange Pulp Free Juice 1.5l,Add to cart,Save to list
$3.50,$1.75 / 1L,P&N Apple Fruit Juice 2L,Add to cart,Save to list
EVERYDAY LOW PRICE,$8.50,$3.37 / 100G,Healtheries Rice Wheels Fun Mix Multipack Gluten Free Lunchbox Snacks 21g x 12 Pack,Add to cart,Save to list
SAVE $1.40,$5.30,$6.70 - $7.07 / 1L,Sustagen High Protein Nutrition Top-Up Vanilla Flavour Ready To Drink 250mL x 3 pack,Promoted,Add to cart,Save to list
$4.30,$2.10 / 100G,Sam's Pantry Protein Bar Dark Choc Coated Cranberry Coconut 5 Pack 205g,Add to cart,Save to list
EVERYDAY LOW PRICE,$2.95,$15.95 / 1KG,Woolworths Mexican Style Tuna Salad 185g,3.9,/,899,Add to cart,Save to list
$5.50,$1.53 / 100G,Abe's Bagels The Supergrain Bagels 360g,Add to cart,Save to list
$1.60,$1.33 / 100G,Aeroplane Ready To Eat Jelly Cup Snack Blackcurrant Flavour 120g,Add to cart,Save to list
$7.50,$5.00 / 100G,Koja Oat Bites Muesli Slice 150g,Add to cart,Save to list
SAVE $0.95,$3.00,$3.95 - $5.00 / 1L,OAK Iced Coffee Flavoured Milk 600mL,Add to cart,Save to list
$3.50,$58.33 / 1L,Remedy Immune Plus Vitamins Lemon & Lime Shot 60ml,Add to cart,Save to list
$7.80,$1.71 / 100G,Sam's Pantry Protein Bar Caramel Peanut With Roasted Almonds 12 Pack 456g,Add to cart,Save to list
$8.00,$2.29 / 100G,2 FOR $15.00 - $2.14/100G,Woolworths Braised Beef With Creamy Mash 350g,3.6,/,266,Add to cart,Save to list
$3.80,$3.30 / 100G,Ceres Organics Brown Rice Crackers Seaweed 115g,5.0,/,2,Add to cart,Save to list
EVERYDAY LOW PRICE,$6.20,$1.55 / 100G,Cloverdale Pure Organic Honey Squeeze 400g,4.2,/,661,Add to cart,Save to list
$5.80,$1.55 / 100G,Mayver's Unsalted Smunchy Peanut Butter 375g,Add to cart,Save to list
$4.60,$3.83 / 1L,Prima Orange Fruit Drink 6x200ml,Add to cart,Save to list
$4.00,$1.07 / 100G,3 FOR $10.95 - $0.97/100G,Woolworths Tuna Pasta With Veggies Frozen Meal 375g,3.0,/,137,Add to cart,Save to list
$4.30,$25.29 / 1KG,2 FOR $7.00 - $20.59/1KG,Sirena Pesto Pasta With Tuna 170g,Add to cart,Save to list
EVERYDAY LOW PRICE,$2.80,$22.40 / 1KG,Woolworths Yellowfin Tuna Slices In Olive Oil With Chilli 125g,3.8,/,1109,Add to cart,Save to list
$14.00,$0.23 / 1M,Multix Alfoil Traditional Strength 60m,Add to cart,Save to list
$6.25,$78.13 / 1KG,Nibblish Gently Baked Mango 80g,Add to cart,Save to list
$3.60,$7.20 / 1L,Dairy Farmers Classic Chocolate Milk 500ml,Promoted,Add to cart,Save to list
$4.00,$4.00 / 100G,Pop Box Mega Butter Microwave Popcorn 100g,Promoted,Add to cart,Save to list
$12.60,$8.40 / 1L,Sanitarium Up&Go Liquid Breakfast Vanilla Ice 6 Pack,Promoted,Add to cart,Save to list
$12.60,$8.40 / 1L,Sanitarium Up&Go Liquid Breakfast Strawberry 6 Pack,Promoted,Add to cart,Save to list
$5.50,$0.58 / 100G,Yoplait Lactose Free Yoghurt Strawberry 950g,Add to cart,Save to list
OUT OF STOCK,Choc Chip Mini Muffins 24 pack,Add to cart,Save to list
$6.00,$2.40 / 100G,Macro Natural Cashew Spread 250g,4.4,/,334,Add to cart,Save to list
SAVE $1.50,$4.00,$5.50 - $2.76 / 100G,Uncle Tobys Muesli Bars Inspired By Golden Rough 5 Pack 145g,4.4,/,86,Add to cart,Save to list
$2.30,$0.77 / 1EA,Bakery Du Jour Vegan Croissants 3 Pack,Add to cart,Save to list
SAVE $0.50,$3.00,$3.50 - $6.00 / 1L,Daily Juice Co No Added Sugar Orange Juice Screw Cap 500mL,Add to cart,Save to list
SAVE $1.00,$3.50,$4.50 - $7.00 / 1L,Rokeby Bold Brew Iced Coffee Double Shot 500mL,Add to cart,Save to list
$5.00,$4.00 / 1L,H2Juice Watermelon Juice 1.25l,4.1,/,44,Add to cart,Save to list
SAVE $2.00,$6.80,$8.80 - $0.68 / 100G,Jalna Whole Milk Yoghurt Lactose Free Vanilla 1kg,Add to cart,Save to list
SAVE $1.60,$2.40,$4.00 - $10.13 / 1L,Suntory Boss Coffee Iced Caramel Latte 237ml,Add to cart,Save to list
$4.90,$6.53 / 100G,Vege Chips Rice Crackers Sweet Chilli & Sour Cream 75g,Add to cart,Save to list
$3.50,$10.61 / 1L,Vitasoy Almond Milk Chocolate 330ml,Add to cart,Save to list
$4.50,$6.00 / 1L,Buderim Ginger Cordial 750ml,5.0,/,1,Add to cart,Save to list
$6.00,$1.20 / 1EA,Cadbury Caramel Cake Bars 5 Pack,Add to cart,Save to list
$4.15,$8.30 / 1L,Dare No Added Sugar Intense Espresso Iced Coffee 500mL,Add to cart,Save to list
$1.00,$5.00 / 100G,Red Rock Deli Potato Chips Sea Salt Natural 20g,Add to cart,Save to list
$4.70,$25.41 / 1KG,Sirena Tuna With Beans 185g,Add to cart,Save to list
SAVE $0.90,$3.60,$4.50 - $12.00 / 1L,Solo Zero Sugar Soda Syrup Sugar Free Cordial For Soda Water 300ml,Add to cart,Save to list
$15.00,$23.08 / 100ML,Nivea Sun Kids Protect & Play Spf50 Roll-On Sunscreen 65ml,Promoted,Add to cart,Save to list
$6.00,$2.00 / 100G,Beerenberg Blood Orange Marmalade 300g,Add to cart,Save to list
EVERYDAY LOW PRICE,$6.20,$1.11 / 100G,Liddells Lactose Free Yoghurt Salted Caramel 140g x 4 pack,Add to cart,Save to list
$5.50,$4.23 / 100G,Little Bellies Organic Animal Biscuits 130g,Add to cart,Save to list
$3.50,$10.61 / 1L,Vitasoy Almond Double Espresso 330ml,Add to cart,Save to list
$7.00,$2.80 / 100G,Bonne Maman Hazelnut Chocolate Spread 250g,Add to cart,Save to list
SAVE $1.30,$5.20,$6.50 - $1.39 / 100G,Mayver's Smooth Choc Protein Peanut Spread 375g,Add to cart,Save to list
$29.00,$29.00 / 100ML,Invisible Zinc Sport Spf 50+ Mineral Sunscreen Cream 100g,Promoted,Add to cart,Save to list
$18.00,$21.18 / 100ML,Neutrogena Ultra Sheer Body Lotion Sunscreen Spf 50 85ml,Promoted,Add to cart,Save to list
SAVE $1.40,$5.30,$6.70 - $7.07 / 1L,Sustagen High Protein Nutrition Top-Up Strawberry Ready To Drink 250mL x 3 pack,Promoted,Add to cart,Save to list
$25.00,DESIGNS MAY VARY,Contigo Kids Aubrey Water Bottle Assorted each,Promoted,Add to cart,Save to list
LOWER AUTUMN PRICE,$6.30,$56.25 / 1KG,RANGE WAS $7 - 25/02/2025,Bega Strong & Bitey Cheese & Crackers 28g x 4 pack,Add to cart,Save to list
SAVE $2.95,$2.95,$5.90 - $2.95 / 1L,Cottee's Zero Sugar Cordial Fruit Cup Cordial Bottle 1l,Add to cart,Save to list
$3.50,$8.75 / 100G,Health Lab Holy Hazelnut Nut Butter Filled Ball 40g,Add to cart,Save to list
SAVE $2.00,$6.80,$8.80 - $0.68 / 100G,Jalna Whole Milk Yoghurt Lactose Free Natural 1kg,Add to cart,Save to list
$5.50,$5.09 / 100G,Macro Lentil Bites Carrot 6 Pack,4.2,/,1178,Add to cart,Save to list
$4.40,$12.57 / 1L,Perkii Strawberry Watermelon Probiotic Drink 350ml,Add to cart,Save to list
LOWER AUTUMN PRICE,$4.50,$1.76 / 100G,WAS $6 - 25/02/2025,Cobs Microwave Popcorn Butter 3 Pack 255g,Add to cart,Save to list
SAVE $0.35,$1.65,$2.00 - $13.75 / 100G,Little Bellies Organic Pear & Vanilla Paws 12g,Add to cart,Save to list
SAVE $2.52,$3.78,$6.30,DESIGNS MAY VARY,Sistema To Go Sandwich Lunch Box 450ml Assorted each,5.0,/,1,Add to cart,Save to list
$9.95,$2.84 / 100G,Strength Meals Co Beef Casserole With Mash 350g,Add to cart,Save to list
SAVE $2.95,$2.95,$5.90 - $2.95 / 1L,Cottee's Apple & Raspberry Cordial With 40% Fruit Juice Bottle 1L,Add to cart,Save to list
$3.50,$4.67 / 1KG,Fresh Beurre Bosc Pear 750g Punnet,Add to cart,Save to list
$1.70,$1.42 / 100G,South Australian Gourmet Food Company Strawberry Custard 120g,Add to cart,Save to list
SAVE $4.50,$4.50,$9.00,Decor Fresh Seal Clips Container Oblong 2L,Add to cart,Save to list
$6.50,$3.25 / 1L,Golden Circle Orange Mango Juice No Added Sugar Fruit Juice Breakfast 2l,4.4,/,39,Add to cart,Save to list
EVERYDAY LOW PRICE,$5.00,$1.11 / 100G,Helga's Lower Calorie White Bread Loaf 450g,Add to cart,Save to list
$5.50,$1.83 / 100G,2 FOR $9.00 - $1.50/100G,Mayver's Squeezy Smooth Peanut Butter 300g,Add to cart,Save to list
SAVE $2.50,$5.00,$7.50 - $1.32 / 100G,Pic's Peanut Butter Crunchy 380g,Add to cart,Save to list
$4.10,$41.00 / 1KG,Woolworths Smoked Shaved Ham Off The Bone 100g,4.3,/,449,Add to cart,Save to list
$6.90,$1.52 / 100G,Barker's Anathoth Farm Three Berry Jam 455g,5.0,/,1,Add to cart,Save to list
SAVE $1.00,$1.50,$2.50 - $1.00 / 100G,Farmers Union Greek Style Yogurt Strawberry 150g,Add to cart,Save to list
$7.50,$10.00 / 1L,Remedy Kombucha Pomegranate Kombucha Pomegranate 750ml,Add to cart,Save to list
$3.00,$0.75 / 100G,Woolworths Sesame Bagels 4 Pack,3.3,/,1317,Add to cart,Save to list
SAVE $4.60,$6.90,$11.50,DESIGNS MAY VARY,Sistema Hydrate Twist n Sip Water Drink Bottle 800mL each,Promoted,Add to cart,Save to list
SAVE $5.40,$8.10,$13.50,Sistema Hydrate Active Shaker 750ml Each,Promoted,Add to cart,Save to list
EVERYDAY LOW PRICE,$8.00,$1.07 / 100G,Uno Penotti Hazelnut Spread 750g,Promoted,Add to cart,Save to list
SAVE $13.40,$20.10,$33.50,Sistema Double Walled Stainless Steel Water Drink Bottle 1L each,Promoted,Add to cart,Save to list
EVERYDAY LOW PRICE,$2.50,$3.33 / 1L,Cool Ridge Still Spring Water Bottle With Cap Australian 100% Recycled 750mL,Add to cart,Save to list
$6.50,$3.61 / 100G,Great Temptations Gluten Free Orange & Poppy Seed Muffins 4 Pack,Add to cart,Save to list
$3.00,$10.00 / 100G,Koja Peanut Butter Choc Chip Crunch Bar 30g,Add to cart,Save to list
$6.00,$1.00 / 1EA,Mr Kipling Lemon Slice 6 Pack,4.5,/,70,Add to cart,Save to list
$3.95,$49.38 / 1KG,2 FOR $6.70 - $41.88/1KG,Primo Chicken Breast Sliced Salt Reduced 80g,Add to cart,Save to list
SAVE $1.00,$3.50,$4.50 - $7.00 / 1L,Rokeby Bold Brew Iced Mocha 500mL,Add to cart,Save to list
$12.60,$8.40 / 1L,Sanitarium Up&Go Liquid Breakfast Vanilla Ice 6 Pack,Add to cart,Save to list
$9.95,$2.84 / 100G,Strength Meals Co Chicken Burrito Bowl 350g,Add to cart,Save to list
$5.00,$6.67 / 1L,"Bickford's Orange, Lemon & Lime Cordial 750ml",Add to cart,Save to list
SAVE $2.00,$24.00,$26.00 - $24.00 / 1KG,D'Orsogna Triple Smoked Leg Ham 97% Fat Free Shaved From The Deli Per Kg,Add to cart,Save to list
SAVE $1.00,$4.00,$5.00 - $8.89 / 1KG,Snacktacular Fruit Pouch Apple & Mango Puree 90g x 5 Pack,Add to cart,Save to list
$8.00,$2.29 / 100G,2 FOR $15.00 - $2.14/100G,Woolworths Chicken & Leek Potato Pie 350g,3.1,/,361,Add to cart,Save to list
SAVE $1.50,$6.00,$7.50 - $24.00 / 1KG,Bega Reduced Fat Cheese Slices Light Vintage 25% 250g,Add to cart,Save to list
SAVE $1.00,$4.00,$5.00 - $20.00 / 1KG,Castello Original Cream Cheese 200g,Add to cart,Save to list
$6.95,$19.86 / 100G,Frisp Minis Strawberry Diced Crisps 7g x 5 pack,Add to cart,Save to list
$6.95,$4.63 / 1L,Grove Juice Orange Mango Apple Pineapple Passionfruit Juice 1.5l,Add to cart,Save to list
SAVE $0.40,$3.60,$4.00 - $0.87 / 100G,Helga's Mixed Grain Mini Loaf 415g,Add to cart,Save to list
SAVE $0.80,$3.50,$4.30 - $8.75 / 1L,Nudie 100% Apple Juice 400ml,Add to cart,Save to list
$22.00,$11.96 / 100G,Neutrogena Beach Defence Spray Sunscreen Spf 50 184g,Promoted,Add to cart,Save to list
SAVE $5.60,$8.40,$14.00,DESIGNS MAY VARY,Sistema ActiveTritan Bottle 800mL Assorted Each,4.3,/,6, Promoted,Add to cart,Save to list
$28.00,$7.00 / 100ML,Nivea Sun Protect & Moisture Lock Spf50+ Sunscreen 400ml,Promoted,Add to cart,Save to list
SAVE $0.80,$3.50,$4.30 - $8.75 / 1L,Nudie Nothing but Watermelon Crush 400mL,Add to cart,Save to list
$3.50,$5.07 / 100G,Tasti Smooshed Wholefood Balls Cacao Brownie 69g,4.8,/,18,Add to cart,Save to list
$4.15,$2.08 / 1EA,Woolworths Cheese and Bacon Rolls 2 pack,Afternoon delivery & pick up,Add to cart,Save to list
$4.00,$1.07 / 100G,3 FOR $10.95 - $0.97/100G,Woolworths Vegetable Pad Thai With Rice Noodles 375g,Add to cart,Save to list
SAVE $2.25,$2.25,$4.50 - $9.38 / 1L,Allpress Espresso Latte Speciality Iced Coffee Can 240ml,Add to cart,Save to list
EST. RESTOCK 10/04/25,Macro Choc Almond Snack Ball with Nut Butter 35g,4.0,/,395,View similar,products,             to Macro Choc Almond Snack Ball with Nut Butter 35g,Save to list
$21.50,$10.75 / 100ML,Nivea Sun Protect & Moisture Lock Spf50+ Sunscreen 200ml,Promoted,Add to cart,Save to list
$28.00,$9.33 / 100ML,Nivea Sun Protect & Moisture Lock Spf50+ Sunscreen Spray 300ml,Promoted,Add to cart,Save to list
$28.00,$9.33 / 100ML,Nivea Sun Ultra Sport Cooling Sunscreen Trigger Spray Spf50+ 300ml,Promoted,Add to cart,Save to list
SAVE $1.00,$3.50,$4.50 - $2.80 / 100G,Obela Hi Protein Hommus To Go 125g,Promoted,Add to cart,Save to list
EVERYDAY LOW PRICE,$1.50,$7.50 / 100G,Macro Popcorn Air Popped Light 20g,4.0,/,253,Add to cart,Save to list
EVERYDAY LOW PRICE,$3.90,$1.95 / 100G,Annabel Karmel Little Meals Mediterranean Meatballs 200g,Add to cart,Save to list
$3.00,$10.00 / 100G,Koja Peanut Butter Chocolate Bar 30g,Add to cart,Save to list
SAVE $1.00,$5.00,$6.00 - $5.00 / 1L,"Nudie Antioxidant Carrot, Turmeric, Orange, Apple & Lime 1l",Add to cart,Save to list
$1.90,$2.71 / 100G,6 FOR $9.00 - $2.14/100G,Pauls Aeroplane Raspberry Jelly Flavoured Custard 70g,Add to cart,Save to list
SAVE $0.70,$4.00,$4.70 - $8.33 / 1KG,SPC Apple Puree Cups 4 x 120g,Add to cart,Save to list
EVERYDAY LOW PRICE,$2.20,$22.00 / 1KG,Safcol Salmon With Mild Red Chilli Pouch 100g,Add to cart,Save to list
$2.80,$0.47 / 1EA,Woolworths Cinnamon Donuts 6 Pack,5.0,/,1,Afternoon delivery & pick up,Add to cart,Save to list
$5.00,$6.67 / 1L,Bickford's Diet Lemon Cordial 750ml,Add to cart,Save to list
$4.80,$4.80 / 1L,Impressed Pressed Juice Apple 1L,Add to cart,Save to list
EVERYDAY LOW PRICE,$6.50,$26.00 / 1KG,Macro Organic Trail Mix 250g,Add to cart,Save to list
SAVE $0.50,$2.50,$3.00 - $50.00 / 1KG,Moondarra Cream Cheese Honey & Pistachio Snack Pack 50g,Add to cart,Save to list
SAVE $1.40,$5.60,$7.00 - $1.75 / 100G,On The Menu Beer Battered Fish & Chips Frozen Meal 320g,4.0,/,39,Add to cart,Save to list
LOWER AUTUMN PRICE,$3.80,$1.46 / 100G,RANGE WAS $4.50 - 25/02/2025,On The Menu Lasagne Vegetable 260g,4.2,/,33,Add to cart,Save to list
$7.10,$7.10 / 1KG,The Odd Bunch Mandarin Prepacked 1kg,Add to cart,Save to list
$6.50,$0.81 / 1EA,Mr Kipling French Fancies 8 Pack,Add to cart,Save to list
$5.50,$2.04 / 100G,Vegemite Cheesy Bite Spread 270g,Add to cart,Save to list
$5.90,$23.60 / 1KG,Woolworths Asian Salad Kit Tub 250g,Add to cart,Save to list
EVERYDAY LOW PRICE,$1.90,$38.00 / 1KG,Woolworths Cheese & Crackers Light Tasty 50g Each,4.5,/,1048,Add to cart,Save to list
$6.00,$1.20 / 1EA,Cadbury Raspberry Mini Rolls Mini Rolls 5 Pack,5.0,/,1,Add to cart,Save to list
$7.90,$4.16 / 100G,Kez's Kitchen Gluten Free Lemon Cream Melting Moments 190g,4.5,/,30,Add to cart,Save to list
$3.50,$58.33 / 1L,Remedy Energy With Caffeine Berry Shot 60ml,Add to cart,Save to list
SAVE $1.00,$4.00,$5.00 - $8.89 / 1KG,Snacktacular Fruity Pouch Fruit Puree Tropical Marvel Avengers 90g x 5 pack,Add to cart,Save to list
$3.00,$2.14 / 100G,Vitasoy Oat Yoghurt Summer Fruits 140g,Promoted,Add to cart,Save to list
SAVE $1.00,$3.50,$4.50 - $2.80 / 100G,Obela Hi-Protein To Go Jalapeno Hommus 125g,Promoted,Add to cart,Save to list
$5.50,$14.67 / 1L,The Man Shake Fuel Chocolate Health Shake 375mL,Promoted,Add to cart,Save to list
$9.50,$3.80 / 100G,Egmont Honey Manuka Honey MGO 30+ 250g,Promoted,Add to cart,Save to list
$4.20,$2.63 / 100G,Woolworths Free From Gluten Double Choc Biscuit 160g,3.6,/,491,Add to cart,Save to list
SAVE $1.00,$10.00,$11.00 - $20.00 / 1KG,Cheer Cheese Colby Cheese Slices 500g,5.0,/,9,Add to cart,Save to list
SAVE $0.40,$3.60,$4.00 - $1.00 / 100G,Helga's Traditional Wholemeal Mini Loaf 360g,Add to cart,Save to list
$7.50,$5.00 / 100G,Koja Bickie Bites Choc Brownie 150g,Add to cart,Save to list
SAVE $1.00,$3.50,$4.50 - $7.00 / 1L,Rokeby Bold Brew Iced Latte 500mL,Add to cart,Save to list
$5.60,$4.67 / 100G,True Fruit 100% Aussie Apple Beetroot & Mint Straps 120g,Add to cart,Save to list
SAVE $1.00,$8.00,$9.00 - $53.33 / 1KG,Jarlsberg Lite Cheese Slices Sliced Cheese 150g,Add to cart,Save to list
LOWER AUTUMN PRICE,$5.20,$4.33 / 1L,RANGE WAS $6.50 - 25/02/2025,Just Juice Paradise Punch 6x200ml,Add to cart,Save to list
$4.00,$8.00 / 1L,"OAK Plus Vanilla Flavoured Milk No Added Sugar, 30g Protein 500ml",Add to cart,Save to list
$1.90,$15.83 / 100G,Snacktacular Chewy Crispy Fruit Pieces Apple & Strawberry 12+ Months 12g,Add to cart,Save to list
$5.00,$0.83 / 100G,Vaalia Probiotics Yoghurt No Added Sugar Strawberry 150g x 4 pack,Add to cart,Save to list
$4.50,$1.29 / 100G,Woolworths Chicken Satay With Jasmine Rice 350g,3.6,/,1503,Add to cart,Save to list
EVERYDAY LOW PRICE,$6.50,$0.68 / 100G,Yoplait Forme Zero Classics Yoghurt 6 Pack,5.0,/,1,Add to cart,Save to list
$8.80,$27.50 / 1KG,D'Orsogna English Ham Shaved 80g x 4 pack,Add to cart,Save to list
$5.00,$2.50 / 100G,Eskal Gluten Free Crackers 200g,4.7,/,44,Add to cart,Save to list
$6.40,$4.27 / 1L,Ocean Spray Cran Pomegranate Juice Drink 1.5l,Add to cart,Save to list
SAVE $0.70,$2.50,$3.20 - $33.33 / 1KG,Sirena Snacking Tuna Mayo & Sweet Corn 75g,Add to cart,Save to list
$3.50,$0.23 / 1M,Armada Evergreen Compostable Baking Paper 30cm x 15 Metres Each,Add to cart,Save to list
$4.95,$8.25 / 100G,Noway Collagen Jelly & Mallow Fusion Bar Berries & Cream Flavour 60g,Add to cart,Save to list
SAVE $0.70,$4.00,$4.70 - $8.33 / 1KG,SPC Diced Pears In Juice Fruit Cups 4 x 120g,Add to cart,Save to list
$12.60,$8.40 / 1L,Sanitarium Up&Go Liquid Breakfast Strawberry 6 Pack,Add to cart,Save to list
$33.00,DESIGNS MAY VARY,Contigo Ashland 946ml Water Bottle Assorted each,Promoted,Add to cart,Save to list
$23.50,$11.75 / 100ML,Nivea Sun Ultra Sport Cooling Spf50+ Sunscreen Spray 200ml,Promoted,Add to cart,Save to list
$6.00,$4.00 / 100G,The Happy Snack Company Kids Fava Beans Pizza 10 Pack,4.2,/,9, Promoted,Add to cart,Save to list
$7.00,$1.40 / 100G,Western Star Original Spreadable Butter Blend Tub 500g,3.0,/,1, Promoted,Add to cart,Save to list
EVERYDAY LOW PRICE,$3.35,$0.56 / 1EA,Woolworths Jumbo Multigrain Rolls 6 pack,4.5,/,608,Afternoon delivery & pick up,Add to cart,Save to list
$5.80,$1.55 / 100G,2 FOR $9.00 - $1.20/100G,Mayver's Dark Roasted Extra Crunchy Peanut Butter 375g,Add to cart,Save to list
$7.50,$10.00 / 1L,Remedy Organic Kombucha Ginger Lemon 750ml,Add to cart,Save to list
SAVE $2.25,$5.25,$7.50 - $2.54 / 100G,Tasti Fruit + Vege Wholefood Balls Strawberry & Beetroot 18 Pack,Add to cart,Save to list
EVERYDAY LOW PRICE,$5.00,$2.78 / 100G,Woolworths Lemon Cheesecake 2 Pack,4.0,/,1015,Add to cart,Save to list
LOWER AUTUMN PRICE,$3.90,$1.08 / 100G,RANGE WAS $4.50 - 25/02/2025,Glicks Sesame Bagel 4 Pack,Add to cart,Save to list
$4.40,$12.57 / 1L,Perkii Mango Passionfruit Probiotic Drink 350ml,Add to cart,Save to list
EVERYDAY LOW PRICE,$4.30,$1.15 / 100G,Rose's Sweet Orange Marmalade 375g,Add to cart,Save to list
$5.00,$5.00 / 100G,Ceres Organics Pea Chips Salted 100g,Add to cart,Save to list
$2.00,$2.00 / 100G,Poppin Microwave Popcorn Sweet & Salty 100g,Add to cart,Save to list
EVERYDAY LOW PRICE,$5.00,$1.43 / 100G,Ready Chef Penne Bolognaise 350g,Add to cart,Save to list
$6.00,$4.00 / 100G,The Happy Snack Company Roasted Fava Beans Lightly Salted 6 Pack,4.8,/,22,Add to cart,Save to list
$2.60,$1.63 / 100G,Activia Danone Probiotic Yoghurt No Added Sugar Mixed Berries 160g,Add to cart,Save to list
$6.95,$19.86 / 100G,Frisp Minis Mixed Berries Fruit Crisps 7g x 5 pack,Add to cart,Save to list
SAVE $1.10,$4.40,$5.50 - $1.47 / 1L,Golden Circle Apple Blackcurrant Juice No Added Sugar Fruit Juices 3l,4.5,/,68,Add to cart,Save to list
EVERYDAY LOW PRICE,$5.00,$25.00 / 1KG,Safcol Salmon Premium 200g,Add to cart,Save to list
SAVE $1.35,$1.35,$2.70 - $14.21 / 1KG,Safcol Wild Caught Tuna In Oil Italian Style 95g,Add to cart,Save to list
SAVE $1.20,$4.80,$6.00 - $24.00 / 1KG,Angas Park Dried Pears 200g,Add to cart,Save to list
EVERYDAY LOW PRICE,$6.50,$1.73 / 100G,Arnotts Tiny Teddy Variety Multipack Biscuits 15 Pack,Promoted,Add to cart,Save to list
$7.90,$4.27 / 100G,Kez's Kitchen Gluten Free Choc Peanut Florentines 185g,Add to cart,Save to list
SAVE $4.00,$4.00,$8.00 - $0.80 / 100G,Meredith Dairy Natural Goat Milk Yoghurt Probiotic 500g,Add to cart,Save to list
SAVE $1.00,$5.00,$6.00 - $5.00 / 100G,Olina's Bakehouse Gluten Free Sunflower Seed & Fig Cracker 100G,4.9,/,22,Add to cart,Save to list
$6.50,$1.63 / 1EA,Brioche Gourmet Croissant Rolls 4 pack,Add to cart,Save to list
SAVE $0.35,$1.65,$2.00 - $13.75 / 100G,Little Bellies Veggie Tubes 12g,4.5,/,82,Add to cart,Save to list
$6.25,$78.13 / 1KG,Nibblish Gently Baked Pineapple 80g,Add to cart,Save to list
$6.00,$4.00 / 100G,The Happy Snack Company Roasted Fava Beans Sea Salt And Balsamic Vinegar 6 Pack,4.8,/,36, Promoted,Add to cart,Save to list
$6.00,$4.00 / 100G,The Happy Snack Company Roasted Chickpeas Lightly Salted 6 Pack,4.5,/,37, Promoted,Add to cart,Save to list
$6.00,$4.00 / 100G,The Happy Snack Company Roasted Chickpeas Lime And Cracked Pepper 6 Pack,4.6,/,20, Promoted,Add to cart,Save to list
$6.00,$4.00 / 100G,The Happy Snack Company Roasted Fava Beans Smoky Bbq 6 Pack,Promoted,Add to cart,Save to list
SAVE $1.00,$7.00,$8.00 - $3.50 / 1L,Nudie Nothing But Apple & Mandarin Juice 2l,Add to cart,Save to list
$4.20,$4.20 / 100G,Orgran Gluten Free Wafer Crackers Quinoa 100g,4.9,/,25,Add to cart,Save to list
IN-STORE ONLY,Perfection Freshly Cut Watermelon & Mint 220g,View similar,products,             to Perfection Freshly Cut Watermelon & Mint 220g,Save to list
SAVE $1.20,$2.80,$4.00 - $8.48 / 1L,Remedy Sodaly Yuzu Lemon 330mL,Add to cart,Save to list
LOWER AUTUMN PRICE,$3.00,$18.75 / 1KG,RANGE WAS $3.50 - 25/02/2025,Safcol Tuna Pouch Lentils & Black Rice 160g,Add to cart,Save to list
$9.50,$6.33 / 100G,Vege Chips Sweet Potato Nibbles Variety 10 pack,Add to cart,Save to list
$6.50,$1.30 / 1EA,Woolworths White Chocolate & Raspberry Cookies 5 Pack,4.1,/,713,Add to cart,Save to list
SAVE $0.20,$2.00,$2.20 - $16.67 / 100G,Kiddylicious Cheesy Straws 12g,4.5,/,216,Add to cart,Save to list
$7.70,$10.27 / 1L,Lo Bros Kombucha Pineapple & Lime 750ml,Add to cart,Save to list
$8.50,$4.25 / 1L,Nudie Nothing But Pink Lemonade 2l,5.0,/,1,Add to cart,Save to list
EST. RESTOCK 06/04/25,Poppin Triple Butter Microwave Popcorn Mini-Size Snack Bags 300g,Add to cart,Save to list
$7.50,$10.00 / 1L,Remedy Kombucha Wild Berry 750ml,Add to cart,Save to list
EVERYDAY LOW PRICE,$7.80,$2.60 / 1L,Daily Juice Co Breakfast Burst Juice 3L,Add to cart,Save to list
$5.50,$5.50 / 100G,Nibblish Pure Fruit Swirls Raspberry 100g,Add to cart,Save to list
$4.30,$2.26 / 100G,2 FOR $7.00 - $1.84/100G,Sirena Fried Rice With Chicken 190g,Add to cart,Save to list
$7.00,$0.88 / 1EA,Woolworths Custard Filled Profiterole 8 Pack,4.3,/,360,Afternoon delivery & pick up,Add to cart,Save to list
SAVE $1.00,$1.50,$2.50 - $1.00 / 100G,Farmers Union Greek Style Yogurt Mango 150g,Add to cart,Save to list
$3.70,$0.44 / 100G,Homestyle Bake Country Cafe Thick White Sliced Bread 850g,Add to cart,Save to list
$6.00,$3.00 / 100G,The Happy Snack Company Roasted Chickpeas Lightly Salted 200g,4.2,/,21, Promoted,Add to cart,Save to list
$5.00,$8.93 / 100G,Temole Cauliflower Puffs Kale & Pepper 56g,Add to cart,Save to list
$8.00,$2.29 / 100G,2 FOR $15.00 - $2.14/100G,Woolworths Chicken Stroganoff & Rice 350g,3.7,/,222,Add to cart,Save to list
EVERYDAY LOW PRICE,$5.20,$2.17 / 100G,Woolworths Free From Gluten Seeded Bagels 4 Pack,3.9,/,694,Add to cart,Save to list
$5.40,$1.80 / 100G,La Zuppa One-Pot-Dish Sweet Potato Dahl With Coconut & Turmeric 300g,Add to cart,Save to list
EST. RESTOCK 07/04/25,Little Bellies Organic Banana Softcorn 30g,View similar,products,             to Little Bellies Organic Banana Softcorn 30g,Save to list
EST. RESTOCK 09/04/25,Mission Low Gi Wraps Wholemeal 6 Pack,View similar,products,             to Mission Low Gi Wraps Wholemeal 6 Pack,Save to list
$8.00,$8.00 / 1L,Ribena Syrup Light Blackcurrant 1l,Add to cart,Save to list
$6.00,$4.00 / 100G,The Happy Snack Company Roasted Chickpeas Lime And Cracked Pepper 6 Pack,4.6,/,20,Add to cart,Save to list
SAVE $0.90,$4.85,$5.75 - $121.25 / 1KG,Byron Beef Jerky Chargrill 40g,Add to cart,Save to list
EVERYDAY LOW PRICE,$12.50,$3.13 / 100G,Carman's Protein DarkChocAlmond 10 Pack 400g,Add to cart,Save to list
EVERYDAY LOW PRICE,$8.30,$0.03 / 1M,Essentials Cling Wrap 300m,Add to cart,Save to list
$15.00,$36.14 / 1KG,John West Fresh Packed Wild Alaskan Red Salmon 415g,Add to cart,Save to list
LOWER AUTUMN PRICE,$6.00,$30.00 / 1KG,RANGE WAS $7 - 25/02/2025,Mainland Block Vintage Cheese Block 200g,Add to cart,Save to list
SAVE $1.00,$5.00,$6.00 - $5.00 / 100G,Olina's Bakehouse Gluten Free Fig & Almond Crackers 100g,Add to cart,Save to list
SAVE $1.20,$2.80,$4.00 - $1.60 / 100G,Arnotts Shapes Cheddar Cracker Biscuits 175g,Promoted,Add to cart,Save to list
SAVE $1.50,$3.50,$5.00 - $1.75 / 100G,Arnotts Shapes Multipack Cracker Biscuits Mini Chicken Crimpy 8 pack,Promoted,Add to cart,Save to list
$6.20,$7.38 / 100G,Table Of Plenty Mini Rice Cakes Berry Yoghurt Topped 6 pack,Promoted,Add to cart,Save to list
SAVE $0.35,$2.50,$2.85 - $2.50 / 100G,"Only Organic Coconut, Strawberry & Goji With Organic Coconut Milk 100g",Add to cart,Save to list
$7.50,$37.50 / 1KG,Sirena Tuna Fillets In Extra Virgin Olive Oil 200g,Add to cart,Save to list
EVERYDAY LOW PRICE,$2.95,$15.95 / 1KG,Woolworths Asian Style Tuna Quinoa Salad 185g,3.5,/,1362,Add to cart,Save to list
EVERYDAY LOW PRICE,$2.50,$14.29 / 1KG,Woolworths Wasabi Peas 175g,4.0,/,1262,Add to cart,Save to list
SAVE $0.70,$4.00,$4.70 - $8.33 / 1KG,SPC Diced Fruit Salad In Juice Fruit Cups 4 x 120g,Add to cart,Save to list
$5.50,$1.69 / 100G,Bega Simply Nuts Smooth Natural Peanut Butter 325g,Add to cart,Save to list
EVERYDAY LOW PRICE,$10.00,$1.98 / 100G,Nature Valley Crunchy Family Variety Granola Bars 42g x 12 pack,Promoted,Add to cart,Save to list
SAVE $1.30,$4.70,$6.00 - $3.09 / 100G,Nature Valley Peanut & Chocolate Protein Bars 4 pack,Promoted,Add to cart,Save to list
$6.00,$4.00 / 100G,The Happy Snack Company Roasted Fava Beans Red Pepper & Chilli 6 Pack,4.8,/,18, Promoted,Add to cart,Save to list
$3.70,$3.70 / 1EA,Sistema Klip It Plus Rectangle 400ml,5.0,/,1, Promoted,Add to cart,Save to list
SAVE $1.00,$1.50,$2.50 - $1.00 / 100G,Farmers Union Greek Style Yogurt Passionfruit 150g,Add to cart,Save to list
SAVE $1.00,$2.00,$3.00 - $1.33 / 100G,Five:Am Organic Yoghurt Coffee Bean 150g,Add to cart,Save to list
$6.50,$3.61 / 100G,Great Temptations Gluten Free Double Choc Chip Muffins 4 Pack,Add to cart,Save to list
SAVE $0.80,$3.50,$4.30 - $8.75 / 1L,Nudie Nothing But Carrot Ginger & More 400ml,Add to cart,Save to list
EVERYDAY LOW PRICE,$4.00,$2.00 / 1L,P&N Mango Nectar Fruit Drink 2L,Add to cart,Save to list
EVERYDAY LOW PRICE,$2.00,$0.59 / 100G,Woolworths Soft White Mini Loaf 340g,Add to cart,Save to list
$12.00,$24.00 / 1KG,Norco Elbo Style Cheese Block 500g,Add to cart,Save to list
$9.00,$7.50 / 100G,Primo Air Dried Salami Bites with Pretzels 4 Pack 120g,Add to cart,Save to list
EVERYDAY LOW PRICE,$17.50,$5.83 / 1L,Sanitarium Up&Go No Added Sugar Liquid Breakfast Vanilla Ice 12 Pack,Add to cart,Save to list
LOWER AUTUMN PRICE,$8.50,$2.43 / 100G,RANGE WAS $9.50 - 25/02/2025,Strength Meals Co Chicken Casserole With Mashed Potatoes 350g,Add to cart,Save to list
NEW,$1.00,$2.38 / 1KG,Woolworths Chickpeas 420g,Add to cart,Save to list
$2.60,$1.63 / 100G,Activia Danone Probiotic Yoghurt No Added Sugar Vanilla 160g,Add to cart,Save to list
$6.30,$12.60 / 1L,Belvoir Farm Elderflower Cordial 500ml,5.0,/,1,Add to cart,Save to list
SAVE $1.00,$2.50,$3.50 - $10.00 / 1L,Famous Kids Protein Shake Chocolate Flavour 250mL,Add to cart,Save to list
SAVE $0.65,$5.85,$6.50 - $3.90 / 1L,Original Juice Co. Goodness Green 1.5L,Add to cart,Save to list
SAVE $2.60,$3.90,$6.50 - $1.22 / 100G,Weight Watchers Creamy Tuna Bake Bowl 320g,4.4,/,33,Add to cart,Save to list
$23.00,$2.56 / 100G,Woolworths Biscoff Cheesecake Each,4.8,/,120,Add to cart,Save to list
EVERYDAY LOW PRICE,$12.50,$3.13 / 100G,Carman's Protein Choc Cranberry 10 Pack 400g,Add to cart,Save to list
$6.50,$1.30 / 1EA,Woolworths Salted Caramel Pretzel Cookies 5 Pack,4.1,/,395,Add to cart,Save to list
$6.00,$4.00 / 100G,Arnotts Snack Right Crispy Cracker Biscuits Sea Salt & Vinegar 150g,Add to cart,Save to list
$4.50,$6.00 / 1L,Buderim Ginger Refresher Cordial No Sugar 750ml,Add to cart,Save to list
SAVE $0.60,$4.70,$5.30 - $0.62 / 100G,Abbott's Bakery Sourdough White Bread Sandwich Slice Loaf 760g,5.0,/,3, Promoted,Add to cart,Save to list
$15.00,$15.00 / 1EA,Sistema Klip It Plus Rectangle 1l 3 Pack,5.0,/,1, Promoted,Add to cart,Save to list
$5.00,$1.32 / 100G,Uno Penotti Hazelnut Spread 380g,Promoted,Add to cart,Save to list
SAVE $2.20,$4.70,$6.90 - $1.87 / 100G,Nature Valley Crunchy Variety Granola Bars 42g x 6 pack,Promoted,Add to cart,Save to list
SAVE $1.20,$2.80,$4.00 - $8.48 / 1L,Remedy Sodaly Passionfruit 330ml,Add to cart,Save to list
$12.75,$6.38 / 100G,Health Lab Aussie Lamington Jam Filled Chocolate Coated Balls 5 Pack,Add to cart,Save to list
$7.90,$3.76 / 100G,Kez's Kitchen Gluten Free Fudgy Chocolate Flourless Brownies 210g,4.9,/,15,Add to cart,Save to list
EVERYDAY LOW PRICE,$4.30,$1.15 / 100G,Rose's Lime Marmalade 375g,Add to cart,Save to list
$5.00,$125.00 / 1KG,Snacktacular Fruit Crisps Apple 8g x 5 pack,Add to cart,Save to list
SAVE $0.90,$4.80,$5.70 - $1.69 / 100G,St Dalfour Black Cherry 284g 284g,Add to cart,Save to list
$4.90,$9.80 / 1L,Up&Go Protein Energize Banana Flavour Drink 500ml,Add to cart,Save to list
$6.00,$2.22 / 100G,Woolworths Free From Gluten Lamingtons 12 Pack,4.2,/,42,Add to cart,Save to list
$4.00,$0.50 / 100G,Gold Coast Bakery Wholemeal Family Loaf Bread 800g,Add to cart,Save to list
$3.70,$0.12 / 1EA,Hercules Ezy Slide Resealable Storage Bags 30 Pack,Add to cart,Save to list
$2.50,$3.33 / 100G,Macro Flaxseed Sesame Snaps 3 pack,4.3,/,674,Add to cart,Save to list
$6.50,$3.25 / 100G,Mr Brownie Chocolate Brownie 200g,Add to cart,Save to list
$7.50,$10.00 / 1L,Remedy Organic Kombucha Mango Passion 750ml,Add to cart,Save to list
EVERYDAY LOW PRICE,$17.50,$5.83 / 1L,Sanitarium Up&Go Protein Energize Drink Caramel 250mL x 12 pack,Add to cart,Save to list
SAVE $1.00,$3.50,$4.50 - $0.76 / 100G,Skippy Super Chunk Peanut Butter 462g,Add to cart,Save to list
$2.90,$8.29 / 1L,180 Nutrition Good Sport Chocolate Flavoured Milk 350ml,Add to cart,Save to list
OUT OF STOCK,Envy Apple 1kg Punnet,View similar,products,             to Envy Apple 1kg Punnet,Save to list
SAVE $0.50,$3.00,$3.50 - $78.95 / 1KG,Primo Paw Patrol Cabanossi Rice Crackers & Tasty Cheese 38g,Add to cart,Save to list
$3.80,$4.18 / 100G,Sakata Stars Snack Sized Cheese Rice Crackers Multipack 13g x 7 Pack,Promoted,Add to cart,Save to list
SAVE $1.50,$3.50,$5.00 - $1.75 / 100G,Arnotts Shapes Multipack Cracker Biscuits Pizza 8 pack,Promoted,Add to cart,Save to list
$7.00,$1.40 / 100G,Western Star Spreadable Butter Blend Tub Soft 'n' Less Salt 500g,Promoted,Add to cart,Save to list
SAVE $1.00,$4.00,$5.00 - $8.89 / 1KG,Snacktacular Fruit Pouch Apple & Raspberry Puree 90g x 5 Pack,Add to cart,Save to list
$3.50,$5.07 / 100G,Tasti Smooshed Wholefood Balls Berry Cashew & Cacao 69g,4.7,/,26,Add to cart,Save to list
SAVE $0.50,$6.50,$7.00 - $0.27 / 1EA,Woolworths Funfetti Cookies 24 Pack,4.0,/,500,Add to cart,Save to list
NEW,$2.40,$4.80 / 1L,Woolworths Green Juice Blend Apple Cucumber & Spinach 500mL,3.3,/,3,Add to cart,Save to list
EVERYDAY LOW PRICE,$8.80,$1.76 / 100G,Capilano 100% Pure Australian Creamed Honey Tub 500g,Add to cart,Save to list
SAVE $5.75,$5.75,$11.50,Decor Fresh Seal Clips Container Oblong 3L,Add to cart,Save to list
$6.20,$7.38 / 100G,Table Of Plenty Mini Rice Cakes Dark Chocolate Snack Packs 6 pack,Promoted,Add to cart,Save to list
SAVE $1.40,$5.30,$6.70 - $7.07 / 1L,Sustagen High Protein Nutrition Top-Up Vanilla Flavour Ready To Drink 250mL x 3 pack,Promoted,Add to cart,Save to list
SAVE $2.20,$4.70,$6.90 - $1.87 / 100G,Nature Valley Crunchy Oats & Honey Granola Bars 42g x 6 pack,Promoted,Add to cart,Save to list
$8.40,$8.40 / 1EA,Sistema Klip It Plus Rectangle 2.2l,1.0,/,1, Promoted,Add to cart,Save to list
SAVE $2.00,$4.50,$6.50 - $3.75 / 1L,Golden Circle Apple & Mango Juice Poppers No Added Sugar Multipack Juice 200ml x6 Pack,4.0,/,1,Add to cart,Save to list
$3.50,MINT Food Storage Containers 920mL 3 pack,4.9,/,9,Add to cart,Save to list
$8.00,$2.29 / 100G,2 FOR $15.00 - $2.14/100G,Woolworths Sweet & Sour Chicken With Basmati Rice 350g,2.8,/,190,Add to cart,Save to list
OUT OF STOCK,Decor Fresh Seal Clips Container Oblong 7L,View similar,products,             to Decor Fresh Seal Clips Container Oblong 7L,Save to list
EVERYDAY LOW PRICE,$4.50,$1.25 / 100G,Helga's 12 Soft White Mini Wraps 360g,Add to cart,Save to list
$4.50,$90.00 / 1KG,2 FOR $6.70 - $67.00/1KG,Primo Trios Ham & Tasty Cheese With Cheddar Cheese Crackers 50g,Add to cart,Save to list
$5.30,$2.65 / 100G,Woolworths Ginger Kisses 8 Pack,4.3,/,785,Add to cart,Save to list
$4.00,$0.67 / 1EA,Woolworths Traditional Fruit Buns 6 pack,4.4,/,812,Afternoon delivery & pick up,Add to cart,Save to list
$3.70,$1.85 / 100G,Bega Peanut Butter Crunchy 200g,Add to cart,Save to list
$7.50,$30.00 / 1KG,Cheer Aussie Jack Burger Slices 250g,4.3,/,8,Add to cart,Save to list
$9.00,$2.81 / 100G,Dineamic Butter Chicken With Turmeric Rice & Currants 320g,Add to cart,Save to list
$5.40,$1.80 / 100G,La Zuppa One-Pot-Dish Thai Red Curry With Chickpea & Pumpkin 300g,Add to cart,Save to list
$6.50,$2.26 / 100G,Mission Carb Balance Spinach Wraps 6 pack,Add to cart,Save to list
SAVE $1.95,$4.55,$6.50 - $2.60 / 100G,Nice & Natural Nut Butter Bars Peanut Butter & Salted Caramel 5 Pack,Add to cart,Save to list
SAVE $2.90,$5.00,$7.90 - $1.43 / 100G,Ruffie Rustic Foods Satay Nut Chicken With Wild Rice Blend 350g,Add to cart,Save to list
$7.00,$3.78 / 100G,Bare Bakers Gluten Free Double Chocolate Muffin Bar 5 Pack,Add to cart,Save to list
SAVE $1.40,$5.50,$6.90 - $1.49 / 100G,Bonne Maman Orange Marmalade 370g,Add to cart,Save to list
$8.90,$1.78 / 100ML,Fodmapped For You Free Range Chicken Bone Broth 500mL,Add to cart,Save to list
$4.00,$4.00 / 100G,Pop Box Mega Butter Microwave Popcorn 100g,Promoted,Add to cart,Save to list
$12.60,$8.40 / 1L,Sanitarium Up&Go Liquid Breakfast Banana 6 Pack,5.0,/,1, Promoted,Add to cart,Save to list
$2.50,$0.63 / 100G,Gold Coast Bakery Wholemeal Half Loaf Slice 400g,Add to cart,Save to list
$7.00,$1.87 / 100G,Lean Cuisine Malaysian Chicken Noodles 375g,Add to cart,Save to list
$5.50,$2.50 / 100G,Simply Wholesome Pantry Instant Nourish Bowl Quinoa With Peas Carrot & Corn 220g,Add to cart,Save to list
SAVE $2.25,$5.25,$7.50 - $2.54 / 100G,Tasti Fruit + Vege Wholefood Balls Mango & Carrot 18 Pack,Add to cart,Save to list
EVERYDAY LOW PRICE,$7.50,$0.05 / 1M,Armada Cling Wrap 150m,4.6,/,426,Add to cart,Save to list
SAVE $0.60,$3.50,$4.10 - $14.00 / 1KG,Bega Cream Cheese Spread Bold 250g,Add to cart,Save to list
SAVE $8.10,$18.90,$27.00 - $47.25 / 100ML,Neutrogena Ultra Sheer Fluid Facial Sunscreen Spf50 40ml,Promoted,Add to cart,Save to list
$2.50,$5.00 / 100G,Gold Medal Snacks Single Pack Pork Krackles 50g,Promoted,Add to cart,Save to list
$6.80,$9.07 / 1L,Sanitarium Up&Go Liquid Breakfast Vanilla Ice 3 Pack,Promoted,Add to cart,Save to list
$15.00,$23.08 / 100ML,Nivea Sun Kids Protect & Play Spf50 Roll-On Sunscreen 65ml,Promoted,Add to cart,Save to list
$4.40,$23.78 / 1KG,John West Tuna & Beans Red Kidney Beans Navy Beans Chickpeas 185g,1.5,/,2,Add to cart,Save to list
SAVE $0.75,$3.00,$3.75 - $18.75 / 100G,Only Organic Raspberry & Banana Baby Wafers 4 Pack,4.5,/,27,Add to cart,Save to list
$4.30,$25.29 / 1KG,2 FOR $7.00 - $20.59/1KG,Sirena Tuna Paella 170g,Add to cart,Save to list
SAVE $1.00,$4.00,$5.00 - $8.89 / 1KG,Snacktacular Fruity Pouch Fruit Puree Variety Pack Disney Frozen 90g x 5 pack,Add to cart,Save to list
$7.80,$3.71 / 100G,Fodmapped For You Oven Baked Chocolate Maple Bars 6 Pack,Add to cart,Save to list
SAVE $0.80,$4.00,$4.80 - $23.53 / 1KG,John West Wild Caught Salmon Bowl Cherry Tomatoes Olives &Risoni 170g,4.3,/,158,Add to cart,Save to list
SAVE $1.35,$4.25,$5.60 - $3.13 / 100G,Nice & Natural Unicorn & Friends Fruit Packs 8 Pack,Add to cart,Save to list
EVERYDAY LOW PRICE,$2.90,$15.68 / 1KG,Safcol No Nets Tuna In Oil 185g,Add to cart,Save to list
$12.60,$8.40 / 1L,Sanitarium Up&Go Protein Energize Vanilla 250ml x6 Pack,Add to cart,Save to list
$6.00,$4.80 / 1L,V8 Power Blend Juice Purple Power 1.25l,Add to cart,Save to list
$5.50,$4.40 / 1L,V8 Vegetable Juice Hot And Spicy 1.25l,Add to cart,Save to list
SAVE $1.40,$5.50,$6.90 - $1.17 / 100G,Bega Light Peanut Butter Smooth 470g,Add to cart,Save to list
EVERYDAY LOW PRICE,$14.00,$18.67 / 1KG,Cheer Colby Cheese Slices 48 Pack 750g,5.0,/,8,Add to cart,Save to list
$18.70,$1.87 / 100G,Nature Nate's Raw & Unfiltered Honey 1kg,Add to cart,Save to list
$6.25,$78.13 / 1KG,Nibblish Gently Baked Strawberry 80g,Add to cart,Save to list
SAVE $0.65,$5.85,$6.50 - $3.90 / 1L,Original Juice Co. Grapefruit Juice 1.5L,5.0,/,1,Add to cart,Save to list
SAVE $2.90,$5.00,$7.90 - $1.43 / 100G,Ruffie Rustic Foods Mexican Burrito Bowl With & Pea Guacamole 350g,Add to cart,Save to list
$3.60,$7.20 / 1L,Dairy Farmers Classic Chocolate Milk 500ml,Promoted,Add to cart,Save to list
$12.60,$8.40 / 1L,Sanitarium Up&Go Liquid Breakfast Vanilla Ice 6 Pack,Promoted,Add to cart,Save to list
$5.00,$125.00 / 1KG,Snacktacular Fruit Crisps Apple Banana & Strawberry 8g x 5 pack,Add to cart,Save to list
$5.00,$6.67 / 1L,Bickford's Cloudy Apple Juice Cordial Cordial 750mL,Add to cart,Save to list
SAVE $6.50,$6.50,$13.00,Decor Fresh Seal Clips Container Oblong 4L,5.0,/,1,Add to cart,Save to list
$4.90,$39.20 / 1KG,John West Wild Caught Salmon Slices Naturally Smoked 125g,5.0,/,1,Add to cart,Save to list
$9.95,$2.84 / 100G,Strength Meals Co Beef Tortellini Bolognese 350g,Add to cart,Save to list
$13.00,$3.25 / 100G,Woolworths Tasmanian Salmon With Rice Chilled Meal 400g,3.7,/,428,Add to cart,Save to list
$12.60,$8.40 / 1L,Sanitarium Up&Go Liquid Breakfast Strawberry 6 Pack,Promoted,Add to cart,Save to list
SAVE $6.60,$15.40,$22.00 - $17.50 / 100ML,Neutrogena Ultra Sheer Face Lotion Sunscreen Spf 50 88ml,Promoted,Add to cart,Save to list
$29.00,$29.00 / 100ML,Invisible Zinc Sport Spf 50+ Mineral Sunscreen Cream 100g,Promoted,Add to cart,Save to list
$18.00,$21.18 / 100ML,Neutrogena Ultra Sheer Body Lotion Sunscreen Spf 50 85ml,Promoted,Add to cart,Save to list
SAVE $1.00,$6.00,$7.00 - $30.00 / 1KG,Eat Lean Cheese Block 200g,Add to cart,Save to list
$5.80,$0.04 / 1EA,Hercules Everyday Snack Resealable Bags 150 Pack,Add to cart,Save to list
$2.20,$22.00 / 100G,Kiddylicious Strawberry Fruity Puffs 10g,4.4,/,146,Add to cart,Save to list
$7.80,$1.91 / 100G,Sam's Pantry Scorched Almond Slow Roasted Nut Bar With Dark Choc 12 Pack 408g,4.6,/,574,Add to cart,Save to list
LOWER AUTUMN PRICE,$8.50,$2.43 / 100G,RANGE WAS $9.50 - 25/02/2025,Strength Meals Co Carb Clever Chicken Tikka Masala 350g,Add to cart,Save to list
$6.50,$6.50 / 1L,Sunraysia Prune Juice 1l,Add to cart,Save to list
$6.00,$4.00 / 100G,The Happy Snack Company Roasted Fava Beans Smoky Bbq 6 Pack,Add to cart,Save to list
$2.60,$1.63 / 100G,Activia Danone Probiotic Yoghurt No Added Sugar Mango 160g,Add to cart,Save to list
$9.20,$36.80 / 1KG,Cracker Barrel Vintage Cheddar Cheese Block Extra Sharp 250g,Add to cart,Save to list
EVERYDAY LOW PRICE,$3.70,$35.24 / 1KG,Deep Cove Red Salmon 105g,3.2,/,1744,Add to cart,Save to list
$5.50,$4.23 / 100G,Little Bellies Gingerbread Men 130g,5.0,/,1,Add to cart,Save to list
EST. RESTOCK 06/04/25,Macro High Protein Lower Carb Linseed & Sunflower Rolls 4 Pack,3.3,/,219,View similar,products,             to Macro High Protein Lower Carb Linseed & Sunflower Rolls 4 Pack,Save to list
LOWER AUTUMN PRICE,$4.75,$3.96 / 100G,RANGE WAS $6 - 25/02/2025,Messy Monkeys Wholegrain Bites Chicken 6 Pack,Add to cart,Save to list
SAVE $0.50,$2.00,$2.50 - $13.33 / 100G,Only Organic Melty Corn Sticks Strawberry & Blueberry 15g,Add to cart,Save to list
$2.00,$2.35 / 100G,Poppin Microwave Popcorn Lite Butter Flavour 85g,Add to cart,Save to list
SAVE $2.90,$5.00,$7.90 - $1.43 / 100G,Ruffie Rustic Foods Butter Chicken Fusion With Ancient Grains 350g,Add to cart,Save to list
$6.50,$16.25 / 1KG,Woolworths Fruit Platter 400g,Add to cart,Save to list
EVERYDAY LOW PRICE,$2.00,$0.59 / 100G,Woolworths Multigrain Mini Loaf 340g,Add to cart,Save to list
$22.00,$11.96 / 100G,Neutrogena Beach Defence Spray Sunscreen Spf 50 184g,Promoted,Add to cart,Save to list
SAVE $1.00,$4.00,$5.00 - $2.38 / 100G,In A Biskit Drumstix Crackers Multipack 168g,Add to cart,Save to list
$12.60,$8.40 / 1L,Sanitarium Up & Go Protein Energize Strawberry Breakfast Drink 6 Pack,Add to cart,Save to list
SAVE $0.90,$4.80,$5.70 - $1.69 / 100G,St Dalfour Royal Fig 284g 284g,Add to cart,Save to list
$5.00,$5.00 / 1L,The Juice Brothers Tropical Juice 1L,Add to cart,Save to list
SAVE $1.50,$4.00,$5.50 - $2.16 / 100G,Uncle Tobys Chewy Oh My Choc Muesli Bars 6 pack,Add to cart,Save to list
$5.00,$1.43 / 100G,Wokka Noodle Box Peanut Satay 350g,Add to cart,Save to list
SAVE $13.40,$20.10,$33.50,Sistema Double Walled Stainless Steel Water Drink Bottle 1L each,Promoted,Add to cart,Save to list
EVERYDAY LOW PRICE,$8.00,$1.07 / 100G,Uno Penotti Hazelnut Spread 750g,Promoted,Add to cart,Save to list
$3.45,$138.00 / 1KG,Kooee Sticks Organic Beef Sea Salt 25g,Promoted,Add to cart,Save to list
SAVE $1.50,$3.50,$5.00 - $1.75 / 100G,Arnotts Shapes Multipack Cracker Biscuits Vegemite & Cheese 8 pack,5.0,/,1, Promoted,Add to cart,Save to list
$6.50,$3.25 / 1EA,Woolworths Caramel Macadamia Cheesecake 2 Pack,4.2,/,725,Add to cart,Save to list
$3.70,$12.33 / 1L,Coach House Dairy Chocolate Milk 300mL,Add to cart,Save to list
SAVE $0.50,$3.00,$3.50 - $6.00 / 1L,Daily Juice Co Breakfast 500mL,Add to cart,Save to list
$3.60,$7.20 / 1L,Dairy Farmers Classic Vanilla Malt Flavoured Milk 500mL,Add to cart,Save to list
SAVE $1.00,$8.00,$9.00 - $2.29 / 100G,Fitness Outcomes Beef Cashew Korma With Brown Rice & Green Beans 350g,Add to cart,Save to list
SAVE $0.50,$2.00,$2.50 - $5.00 / 100G,Go Natural Bars Nut Delight 40g,4.3,/,8,Add to cart,Save to list
$4.50,$0.90 / 1EA,Great Temptations Fairy Cake 5 pack,Add to cart,Save to list
$6.00,$1.00 / 1EA,Mr Kipling Choc Slice 6 Pack,4.6,/,72,Add to cart,Save to list
$6.00,$6.00 / 1L,Original Juice Co. Veggie Goodness Spinach Zucchini Kale 1l,Add to cart,Save to list
$5.50,$2.50 / 100G,Simply Wholesome Pantry Instant Nourish Bowl Lentils & Ancient Grains 220g,Add to cart,Save to list
SAVE $1.00,$4.00,$5.00 - $8.89 / 1KG,Snacktacular Fruit Pouch Apple & Mixed Berries Puree 90g x 5 Pack,Add to cart,Save to list
$5.00,$8.93 / 100G,Temole Broccoli Puffs Sweet Chilli 56g,Add to cart,Save to list
SAVE $0.50,$3.00,$3.50 - $7.50 / 1L,Cocobella Fusions Mango Passion 400ml,Add to cart,Save to list
$3.50,$8.75 / 100G,Health Lab Whyte Cara More Caramel Filled Ball 40g,Add to cart,Save to list
SAVE $1.95,$4.55,$6.50 - $2.28 / 100G,Nice & Natural Deluxe Protein Almond & Double Choc 5 Pack 200g,Add to cart,Save to list
SAVE $0.70,$2.50,$3.20 - $33.33 / 1KG,Sirena Tuna Lemon & Dill Mayo Snacking 75g,Add to cart,Save to list
$4.30,$25.29 / 1KG,2 FOR $7.00 - $20.59/1KG,Sirena Tuna Sweet Chilli Rice 170g,Add to cart,Save to list
$3.80,$3.45 / 100G,Ceres Organics Rice Cakes Quinoa 110g,5.0,/,1,Add to cart,Save to list
$4.00,$4.00 / 100G,Pop Box Microwave Popcorn Caramel Crunch Flavour 100g,Promoted,Add to cart,Save to list
SAVE $5.40,$8.10,$13.50,Sistema Hydrate Active Shaker 750ml Each,Promoted,Add to cart,Save to list
SAVE $5.30,$7.95,$13.25,DESIGNS MAY VARY,Sistema Hydrate Tritan Water Drink Bottle 800mL Assorted each,Promoted,Add to cart,Save to list
SAVE $0.90,$4.80,$5.70 - $1.71 / 100G,Mayver's Australian Strawberry Fruit Spread 280g,Add to cart,Save to list
$7.50,$4.41 / 100G,Noshu 97% Sugar Free Caramel Mud Cakes 170g,Add to cart,Save to list
LOWER AUTUMN PRICE,$3.00,$18.75 / 1KG,RANGE WAS $3.50 - 25/02/2025,Safcol Tuna Pouch Red Beans & Quinoa 160g,Add to cart,Save to list
SAVE $2.60,$3.90,$6.50 - $1.22 / 100G,Weight Watchers Coconut Chickpea Curry 320g,Add to cart,Save to list
$7.50,$3.57 / 100G,Carman's Muesli Bars Milk Choc 6 pack,Add to cart,Save to list
$5.60,$0.80 / 100G,Helga's Prebiotic Ancient Grains & Seeds 700g,Add to cart,Save to list
SAVE $5.60,$8.40,$14.00,DESIGNS MAY VARY,Sistema ActiveTritan Bottle 800mL Assorted Each,4.3,/,6, Promoted,Add to cart,Save to list
$28.00,$7.00 / 100ML,Nivea Sun Protect & Moisture Lock Spf50+ Sunscreen 400ml,Promoted,Add to cart,Save to list
$21.50,$10.75 / 100ML,Nivea Sun Protect & Moisture Lock Spf50+ Sunscreen 200ml,Promoted,Add to cart,Save to list
$28.00,$9.33 / 100ML,Nivea Sun Protect & Moisture Lock Spf50+ Sunscreen Spray 300ml,Promoted,Add to cart,Save to list
SAVE $1.30,$5.20,$6.50 - $1.39 / 100G,Mayver's Smunchy Protein Plus 5 Seeds Peanut Butter 375g,Add to cart,Save to list
SAVE $0.50,$2.50,$3.00 - $50.00 / 1KG,Moondarra Cream Cheese Herb & Garlic Snack Pack 50g,Add to cart,Save to list
SAVE $0.90,$3.60,$4.50 - $12.00 / 1L,Passiona Zero Sugar Passionfruit Soda Syrup Cordial For Soda Water 300ml,Add to cart,Save to list
SAVE $0.50,$3.00,$3.50 - $78.95 / 1KG,Primo Paw Patrol Leg Ham Choc Chip Cookies & Tasty Cheese 38g,Add to cart,Save to list
$4.30,$2.26 / 100G,2 FOR $7.00 - $1.84/100G,Sirena Ready To Eat Mexican Rice With Chicken 190g,Add to cart,Save to list
EVERYDAY LOW PRICE,$6.00,$24.00 / 1KG,White Label Extra Tasty Cheese Slices 16 Pack 250g,Add to cart,Save to list
$4.00,$10.00 / 100G,Bar Counter White Chocolate Raspberry High Protein Bar 40g,Add to cart,Save to list
$4.00,$0.50 / 100G,Gold Coast Bakery White Family Loaf Sliced 800g,Add to cart,Save to list
SAVE $0.80,$4.00,$4.80 - $23.53 / 1KG,John West Wild Caught Salmon Bowl Sweet Soy Vegetable Black Rice 170g,4.2,/,125,Add to cart,Save to list
SAVE $2.90,$5.00,$7.90 - $1.43 / 100G,Ruffie Rustic Foods Coconut Chickpea Curry 350g,Add to cart,Save to list
$4.70,$1.45 / 100G,Bega Peanut Butter No Added Sugar Or Salt Crunchy 325g,Add to cart,Save to list
$5.80,$1.55 / 100G,Mayver's Smunchy 5 Seeds Peanut Butter 375g,Add to cart,Save to list
$8.50,$0.28 / 1M,Multix Non Stick Baking Paper Roll 30 Metres x 30cm Wide each,Add to cart,Save to list
LOWER AUTUMN PRICE,$8.50,$2.43 / 100G,RANGE WAS $9.50 - 25/02/2025,Strength Meals Co Spinach & Ricotta Tortellini 350g,4.0,/,118,Add to cart,Save to list
$3.50,$10.61 / 1L,Vitasoy Oat Milk Cafe Latte 330ml,Add to cart,Save to list
$5.85,$2.93 / 100G,Woolworths Chocolate & Hazelnut Mousse Slice 2 Pack,4.3,/,504,Add to cart,Save to list
$3.50,$70.00 / 1KG,Woolworths Tasty Cheese Ham & Rice Cracker 50g,3.4,/,671,Add to cart,Save to list
SAVE $4.50,$4.50,$9.00,Decor Microsafe Microwavable Noodle Bowl 1.15L,Add to cart,Save to list
SAVE $1.00,$3.50,$4.50 - $2.80 / 100G,Obela Hi Protein Hommus To Go 125g,Promoted,Add to cart,Save to list
$5.50,$14.67 / 1L,The Man Shake Fuel High Protein Health Shake Iced Coffee 375mL,Promoted,Add to cart,Save to list
$33.00,DESIGNS MAY VARY,Contigo Ashland 946ml Water Bottle Assorted each,Promoted,Add to cart,Save to list
SAVE $2.75,$2.75,$5.50,Decor Microsafe Microwavable Soup Mug 450mL,5.0,/,1,Add to cart,Save to list
$6.50,$0.87 / 100G,Helga's Country Grain Bread Loaf 750g,Add to cart,Save to list
LOWER AUTUMN PRICE,$3.50,$35.00 / 1KG,RANGE WAS $4.50 - 25/02/2025,John West Salmon Fillet With Extra Virgin Olive Oil 100g,Add to cart,Save to list
$7.70,$10.27 / 1L,Lo Bros Kombucha Passionfruit 750ml,Add to cart,Save to list
$6.00,$5.88 / 100G,Messy Monkeys Corn Puffs Cheese 102g,Add to cart,Save to list
EVERYDAY LOW PRICE,$2.20,$22.00 / 1KG,Safcol Premium Salmon Pieces Olive Oil Sea Salt & Black Pepper 100g,Add to cart,Save to list
$23.50,$11.75 / 100ML,Nivea Sun Ultra Sport Cooling Spf50+ Sunscreen Spray 200ml,Promoted,Add to cart,Save to list
$5.50,$14.67 / 1L,The Man Shake Fuel Chocolate Health Shake 375mL,Promoted,Add to cart,Save to list
$2.70,$1.93 / 100G,Vitasoy Greek Style Soy Yogurt Hint Of Strawberry 140g,Promoted,Add to cart,Save to list
$9.50,$3.80 / 100G,Egmont Honey Manuka Honey MGO 30+ 250g,Promoted,Add to cart,Save to list
SAVE $0.90,$3.60,$4.50 - $12.00 / 1L,Schweppes Zero Sugar Lemon Lime Bitters Soda Syrup Sugar Free Cordial 300ml,Add to cart,Save to list
SAVE $0.20,$1.70,$1.90 - $14.17 / 100G,Snacktacular Bits & Bobs Fruit Snack Apple & Mixed Berry 12+ Months 12g,Add to cart,Save to list
$6.00,$4.00 / 100G,The Happy Snack Company Kids Fava Beans Pizza 10 Pack,4.2,/,9,Add to cart,Save to list
$4.50,$1.29 / 100G,Woolworths Chicken Pad Thai With Rice Noodles 350g,2.7,/,1452,Add to cart,Save to list
$4.15,$8.30 / 1L,Dare Double Espresso Lactose Free 500ml,Add to cart,Save to list
$12.70,$25.40 / 1L,First Press Cold Drip Coffee 500ml,5.0,/,2,Add to cart,Save to list
$5.50,$2.75 / 1L,Golden Circle Cordials Sarsaparilla Cordial 2l,4.5,/,2,Add to cart,Save to list
$3.50,$8.75 / 100G,Keep It Cleaner Plant Based Protein Salted Caramel 40g,Add to cart,Save to list
SAVE $1.95,$4.55,$6.50 - $2.28 / 100G,Nice & Natural Deluxe Protein Bars Cookies & Cream Dark Choc 5 Pack 200g,Add to cart,Save to list
EVERYDAY LOW PRICE,$4.20,$1.91 / 100G,Nutino Hazelnut Spread Spread 220g,Add to cart,Save to list
$6.00,$5.00 / 100G,Toscano Tiramisu Twin 60g x2 Pack,Add to cart,Save to list
EVERYDAY LOW PRICE,$5.40,$54.00 / 1KG,Paramount Red Salmon 100g,Add to cart,Save to list
NEW,$5.00,$4.35 / 100G,2 FOR $7.50 - $3.26/100G,Red Rock Deli Crostini Smoked Salt 115g,Add to cart,Save to list
$4.80,$1.20 / 1EA,Woolworths Cheese Rolls 4 pack,Afternoon delivery & pick up,Add to cart,Save to list
LOWER AUTUMN PRICE,$5.70,$2.11 / 100G,RANGE WAS $6.80 - 25/02/2025,Buddee Chocolate Spread 270g,3.0,/,2,Add to cart,Save to list
SAVE $2.20,$4.70,$6.90 - $1.87 / 100G,Nature Valley Crunchy Chocolate Chip Granola Bars 6 pack,Add to cart,Save to list
SAVE $1.30,$4.70,$6.00 - $3.09 / 100G,Nature Valley Peanut & Chocolate Protein Bars 4 pack,Add to cart,Save to list
SAVE $1.40,$5.60,$7.00 - $1.75 / 100G,On The Menu Pub Favourites Beef Meatloaf 320g,Add to cart,Save to list
$5.50,$5.00 / 100G,Arnotts Gluten Free Shapes Barbecue 110g,Promoted,Add to cart,Save to list
$3.00,$2.14 / 100G,Vitasoy Oat Yoghurt Blueberry 140g,Promoted,Add to cart,Save to list
$3.00,$2.14 / 100G,Vitasoy Oat Yoghurt Summer Fruits 140g,Promoted,Add to cart,Save to list
$3.50,$58.33 / 1L,Remedy Digestion With Prebiotics Ginger Shot 60ml,Add to cart,Save to list
$7.50,$10.00 / 1L,Remedy Organic Kombucha Raspberry Lemonade 750ml,Add to cart,Save to list
$4.30,$2.26 / 100G,2 FOR $7.00 - $1.84/100G,Sirena Brown Rice & Quinoa With Chicken 190g,Add to cart,Save to list
$6.00,$4.00 / 100G,The Happy Snack Company Roasted Fava Beans Red Pepper & Chilli 6 Pack,4.8,/,18,Add to cart,Save to list
$5.00,$5.00 / 1L,The Juice Brothers Orange Juice 1L,Add to cart,Save to list
EVERYDAY LOW PRICE,$4.10,$0.59 / 100G,Tip Top Sunblest Multi Grain Sandwich Slice Bread Loaf Bakery 700g,Add to cart,Save to list
SAVE $1.00,$3.50,$4.50 - $2.80 / 100G,Obela Hi-Protein To Go Jalapeno Hommus 125g,Promoted,Add to cart,Save to list
$4.00,$4.00 / 100G,Pop Box Butter Flavour Microwave Popcorn 100g,Promoted,Add to cart,Save to list
$11.00,$4.40 / 100G,Egmont Honey Manuka Honey MGO 50+ 250g,Promoted,Add to cart,Save to list
SAVE $9.10,$13.65,$22.75,DESIGNS MAY VARY,Sistema Stainless Steel Water Drink Bottle 500mL Assorted each,1.0,/,1, Promoted,Add to cart,Save to list
$6.00,$12.00 / 100G,DJ&A Pickle-Licious Cucumber 50g,Add to cart,Save to list
SAVE $1.00,$8.00,$9.00 - $2.29 / 100G,Fitness Outcomes Beef Rendang With Brown Rice & Green Beans 350g,Add to cart,Save to list
SAVE $0.50,$5.00,$5.50 - $5.00 / 1L,Impressed Pine Lime Juice 1l,Add to cart,Save to list
$6.00,$5.88 / 100G,Messy Monkeys Corn Puffs Barbeque 102g,Add to cart,Save to list
$4.00,$1.33 / 1EA,Sara Lee Sandwich Croissant 225g,Add to cart,Save to list
$6.70,$5.08 / 100G,Uncle Tobys Low Sugar Oat Slice Chocolate Brownie 6 Pack 132g,4.2,/,91,Add to cart,Save to list
SAVE $2.25,$2.25,$4.50 - $9.38 / 1L,Allpress Espresso Black Speciality Iced Coffee Can 240ml,Add to cart,Save to list
EST. RESTOCK 06/04/25,Buderim Ginger No Sugar Ginger Lemon Lime & Bitters Cordial 750ml,View similar,products,             to Buderim Ginger No Sugar Ginger Lemon Lime & Bitters Cordial 750ml,Save to list
SAVE $1.00,$2.50,$3.50 - $10.00 / 1L,Famous Kids Protein Shake Strawberry Flavour 250mL,Add to cart,Save to list
$5.50,$2.75 / 1L,Golden Circle Cordial Mandarin Flavoured 2L,4.3,/,30,Add to cart,Save to list
$3.20,$7.11 / 100G,Koja Choc Protein Bar Choc Berry 45g,Add to cart,Save to list
EVERYDAY LOW PRICE,$7.20,$17.35 / 1KG,Paramount Salmon Pink 415g,Add to cart,Save to list
$12.60,$8.40 / 1L,Sanitarium Up&Go Protein Energize Coffee 250ml x6 Pack,Add to cart,Save to list
$4.50,$22.50 / 1KG,Woolworths Mixed Fruit Salad With Passionfruit 200g,Add to cart,Save to list
$5.50,$1.69 / 100G,Bega Simply Nuts Crunchy Natural Peanut Butter 325g,Add to cart,Save to list
$4.50,$4.50 / 100G,Byron Bay Cookies Gluten Free Dotty Cookie Bites 100g,4.5,/,293,Add to cart,Save to list
$6.00,$6.67 / 100G,DJ&A Veggie Crisps Original 90g,Add to cart,Save to list
SAVE $3.10,$3.10,$6.20,Decor Microsafe Microwavable Round Container 750mL,Add to cart,Save to list
$6.60,$1.94 / 100G,Capilano 100% Pure Australian Honey Yellow Box Squeeze 340g,Add to cart,Save to list
$3.50,$7.00 / 100G,Go Natural Bars Macadamia Dream 50g,5.0,/,6,Add to cart,Save to list
EVERYDAY LOW PRICE,$4.00,$2.00 / 1L,Juicy Isle Apple & Blackcurrant Cordial 2l,Add to cart,Save to list
$5.50,$5.50 / 100G,Nibblish Pure Fruit Swirls Mango 100g,Add to cart,Save to list
$7.50,$10.00 / 1L,Remedy Kombucha Pink Grapefruit 750ml,Add to cart,Save to list
$2.50,$25.00 / 100G,Whole Kids Organic Meltaway Sticks Corn 10g,Add to cart,Save to list
SAVE $0.50,$5.50,$6.00 - $1.83 / 100G,Abe's Bagels Thins Poppy & Sea Salt 6 Pack,Add to cart,Save to list
SAVE $0.50,$7.00,$7.50 - $2.59 / 100G,Bare Bakers Choc Brownie 270g,Add to cart,Save to list
$3.20,$7.11 / 100G,Koja Choc Protein Bar Double Chocolate 45g,Add to cart,Save to list
SAVE $1.30,$4.70,$6.00 - $3.09 / 100G,Nature Valley Salted Caramel Protein Bars 4 pack,Add to cart,Save to list
$8.90,$3.24 / 100G,Fix & Fogg Almond Everything Spread 275g,Add to cart,Save to list
SAVE $0.50,$5.00,$5.50 - $5.00 / 1L,Impressed Cold Pressed Juice Raspberry Beret 1l,Add to cart,Save to list
SAVE $0.65,$5.85,$6.50 - $3.90 / 1L,Original Juice Co. Black Label Clear Apple 1.5l,Add to cart,Save to list
EVERYDAY LOW PRICE,$4.00,$10.00 / 1L,Pauls Zymil Iced Coffee Lactose Free Flavoured Milk 400ml,5.0,/,1,Add to cart,Save to list
EST. RESTOCK 06/04/25,Toscano Double Choc Mousse Twin 60g x2 Pack,View similar,products,             to Toscano Double Choc Mousse Twin 60g x2 Pack,Save to list
$6.00,$30.00 / 100G,Whole Kids Smoothie Drops Berry Banana & Coconut Milk 20g,Add to cart,Save to list
$6.00,$4.00 / 100G,The Happy Snack Company Roasted Fava Beans Sea Salt And Balsamic Vinegar 6 Pack,4.8,/,36, Promoted,Add to cart,Save to list
$6.00,$3.00 / 100G,The Happy Snack Company Roasted Chickpeas Lightly Salted 200g,4.2,/,21, Promoted,Add to cart,Save to list
$7.00,$1.40 / 100G,Western Star Spreadable Butter Blend Tub Supersoft 500g,Promoted,Add to cart,Save to list
$2.00,$2.00 / 100G,Woolworths Banana Bread Slice 100G,4.2,/,914,Afternoon delivery & pick up,Add to cart,Save to list
$4.00,$11.43 / 1L,YouJuice Getcha Greens 350ml,Add to cart,Save to list
$24.00,$0.16 / 1M,Armada Aluminium Foil 150m,4.7,/,529,Add to cart,Save to list
SAVE $1.40,$5.50,$6.90 - $1.17 / 100G,Bega Light Peanut Spread Crunchy 470g,Add to cart,Save to list
SAVE $1.40,$5.50,$6.90 - $1.49 / 100G,Bonne Maman Cherry Conserve 370g,Add to cart,Save to list
$11.00,$4.40 / 100G,Capilano Manuka Mgo 100+ Honey Squeeze Bottle 250g,Add to cart,Save to list
SAVE $1.00,$3.00,$4.00 - $1.20 / 100G,Arnotts Vita Weat 9 Grain Crispbreads 250g,Promoted,Add to cart,Save to list
$6.00,$4.00 / 100G,The Happy Snack Company Roasted Fava Beans Lightly Salted 6 Pack,4.8,/,22, Promoted,Add to cart,Save to list
SAVE $2.52,$3.78,$6.30,Sistema Plasticware Snack To Go Each,Promoted,Add to cart,Save to list
$6.20,$7.38 / 100G,Table Of Plenty Mini Rice Cakes Milk Chocolate Snack Packs 6 pack,Promoted,Add to cart,Save to list
SAVE $1.00,$8.00,$9.00 - $2.29 / 100G,Fitness Outcomes Sriracha Chicken With Broccoli With Brown & Wild Rice 350g,Add to cart,Save to list
SAVE $0.50,$5.00,$5.50 - $5.00 / 1L,Impressed Cold Pressed Oh Mandy 1L,Add to cart,Save to list
$4.90,$39.20 / 1KG,John West Salmon Slices In Springwater 125g,4.5,/,2,Add to cart,Save to list
EVERYDAY LOW PRICE,$14.00,$2.80 / 100G,Leatherwood Organic Honey 500g,5.0,/,1,Add to cart,Save to list
$8.00,$8.00 / 1L,Ocean Spray Unsweetened Pure Cranberry Juice 1l,Add to cart,Save to list
EVERYDAY LOW PRICE,$3.90,$19.50 / 1KG,Robern Apricot Balls 200g,Add to cart,Save to list
$12.60,$8.40 / 1L,Sanitarium Up&Go Liquid Breakfast Dairy Free Choc Ice Flavour 6 x 250mL,Add to cart,Save to list
NEW,$5.50,$2.50 / 100G,Simply Wholesome Pantry Instant Nourish Bowl Couscous 220g,Add to cart,Save to list
$4.30,$25.29 / 1KG,2 FOR $7.00 - $20.59/1KG,Sirena Tuna Thai Curry Noodles 170g,Add to cart,Save to list
EVERYDAY LOW PRICE,$2.95,$17.35 / 1KG,Woolworths Tuna Pasta Sicilian 170g,3.7,/,470,Add to cart,Save to list
EVERYDAY LOW PRICE,$7.00,$14.00 / 1KG,Bega Cream Cheese Spread Bold 500g,Add to cart,Save to list
$5.00,$6.67 / 1L,Bickford's Pineapple & Lime Cordial 750ml,Add to cart,Save to list
$4.20,$12.00 / 1L,First Press Iced Coffee Almond Milk 350ml,Add to cart,Save to list
$4.40,$23.78 / 1KG,John West Tuna & Beans Capsicum Sweet Corn Red Kidney Beans Chilli 185g,4.0,/,4,Add to cart,Save to list
LOWER AUTUMN PRICE,$4.00,$4.00 / 100G,WAS $5 - 25/02/2025,Macro Mighty Bites Berry Crunch Balls 5 Twin Packs 100g,3.2,/,131,Add to cart,Save to list
$5.80,$1.55 / 100G,Mayver's Extra Crunchy Peanut Butter 375g,Add to cart,Save to list
$9.00,$7.50 / 100G,Primo Air Dried Salami Bites with Rice Crackers 4 Pack 120g,Add to cart,Save to list
SAVE $2.52,$3.78,$6.30,Sistema Plasticware Dressing Pot To Go Each,Add to cart,Save to list
$4.50,$1.29 / 100G,Woolworths Ready to Eat Meal Teriyaki Chicken With Rice 350g,2.9,/,1388,Add to cart,Save to list
$7.30,$1.95 / 100G,Fix & Fogg Peanut Butter Smooth 375g,3.0,/,1,Add to cart,Save to list
SAVE $0.90,$3.60,$4.50 - $12.00 / 1L,Sunkist Zero Sugar Orange Soda Syrup Sugar Free Cordial 300ml,Add to cart,Save to list
$2.30,$1.53 / 100G,Vitafresh Sweet Navel Orange Drink 3 Pack,5.0,/,1,Add to cart,Save to list
SAVE $1.00,$8.95,$9.95 - $2.56 / 100G,Fast Fuel Chicken Katsudon Ready Meal 350g,2.0,/,1,Add to cart,Save to list
$6.20,$7.38 / 100G,Table Of Plenty Mini Rice Cakes Berry Yoghurt Topped 6 pack,Promoted,Add to cart,Save to list
EVERYDAY LOW PRICE,$10.00,$1.98 / 100G,Nature Valley Crunchy Family Variety Granola Bars 42g x 12 pack,Promoted,Add to cart,Save to list
SAVE $1.30,$4.70,$6.00 - $3.09 / 100G,Nature Valley Peanut & Chocolate Protein Bars 4 pack,Promoted,Add to cart,Save to list
$6.00,$4.00 / 100G,The Happy Snack Company Roasted Fava Beans Red Pepper & Chilli 6 Pack,4.8,/,18, Promoted,Add to cart,Save to list
SAVE $1.00,$8.00,$9.00 - $2.29 / 100G,Fitness Outcomes Beef Bolognese With Red Lentil Fusilli 350g,Add to cart,Save to list
$4.00,$0.50 / 100G,Gold Coast Bakery Multi Grain With 8 Grains Family Loaf 800g,Add to cart,Save to list
$9.00,$3.75 / 100G,Liberate Classic Belgian Style Waffles 4 Pack,Add to cart,Save to list
EVERYDAY LOW PRICE,$5.00,$1.43 / 100G,Ready Chef Creamy Pasta 350g,Add to cart,Save to list
$5.00,$125.00 / 1KG,Snacktacular Fruit Crisps Mango 8g x 5 pack,Add to cart,Save to list
$5.50,$14.67 / 1L,The Man Shake Fuel Chocolate Health Shake 375mL,Add to cart,Save to list
$4.50,$1.29 / 100G,Woolworths Chicken Massaman With Jasmine Rice 350g,3.5,/,1577,Add to cart,Save to list
NEW,$2.40,$4.80 / 1L,Woolworths Red Juice Blend Apple Beetroot & Blackberry 500mL,4.5,/,2,Add to cart,Save to list
EVERYDAY LOW PRICE,$2.95,$15.53 / 1KG,Woolworths Yellowfin Tuna & Rice Yellow Curry Fried Rice 190g,3.6,/,640,Add to cart,Save to list
$6.20,$6.20 / 1L,Boost Energy Lift 1l,Add to cart,Save to list
$7.50,Decor Tellfresh Pantry Container Oblong 1.75L,Add to cart,Save to list
$12.00,$7.50 / 100G,Health Lab Cookie Dough Vibes Custard Filled Balls 4 Pack,Add to cart,Save to list
$7.90,$5.27 / 100G,Kez's Kitchen Gluten Free Choc Golden Snaps 150g,Add to cart,Save to list
$6.00,$6.00 / 1L,Nudie Nudie Nothing But Tropical Brekkie 1L,Add to cart,Save to list
SAVE $1.00,$4.00,$5.00 - $4.00 / 100G,Only Organic Strawberry Vanilla & Spelt Biscuits 100g,Add to cart,Save to list
$5.00,$125.00 / 1KG,Snacktacular Fruit Crisps Apple Raspberry & Banana 8g x 5 pack,Add to cart,Save to list
$4.00,$2.67 / 100G,Tasti Oat Baked Squares Salted Caramel 5 Pack 150g,Add to cart,Save to list
EVERYDAY LOW PRICE,$3.00,$4.00 / 1L,Woolworths Lemon Mixer Cordial 750ml,4.2,/,1628,Add to cart,Save to list
$3.70,$3.70 / 1EA,Sistema Klip It Plus Rectangle 400ml,5.0,/,1, Promoted,Add to cart,Save to list
$12.60,$8.40 / 1L,Sanitarium Up&Go Liquid Breakfast Choc Ice 6 Pack,Promoted,Add to cart,Save to list
$6.20,$7.38 / 100G,Table Of Plenty Mini Rice Cakes Snack Packs Caramel White Choc 6 pack,Promoted,Add to cart,Save to list
$7.00,$1.75 / 1EA,Woolworths Portuguese Tarts 4 Pack,5.0,/,1,Afternoon delivery & pick up,Add to cart,Save to list
$7.15,$2.13 / 100G,Bonne Maman Strawberry Spread 335g,Add to cart,Save to list
$2.50,$0.63 / 100G,Gold Coast Bakery Multi Grain Half Loaf 400g,Add to cart,Save to list
SAVE $2.00,$4.50,$6.50 - $3.75 / 1L,Golden Circle Fruit Juice Box Poppers Tropical Juice No Added Sugar 200ml x6 Pack,4.5,/,2,Add to cart,Save to list
SAVE $1.50,$4.00,$5.50 - $0.90 / 100G,Helga's Sweet Potato Wraps 7 Pack,Add to cart,Save to list
$3.75,$0.13 / 1EA,I Was A Milk Bottle Sandwich Resealable Slider Bags 30 Pack,Add to cart,Save to list
SAVE $1.40,$5.30,$6.70 - $7.07 / 1L,Sustagen High Protein Nutrition Top-Up Dutch Chocolate Ready To Drink 250mL x 3 pack,Promoted,Add to cart,Save to list
$5.00,$2.50 / 100G,Arnotts Mini Scotch Finger Multipack Biscuits 8 Pack,Promoted,Add to cart,Save to list
SAVE $0.60,$4.70,$5.30 - $0.62 / 100G,Abbott's Bakery Sourdough White Bread Sandwich Slice Loaf 760g,5.0,/,3, Promoted,Add to cart,Save to list
$15.00,$15.00 / 1EA,Sistema Klip It Plus Rectangle 1l 3 Pack,5.0,/,1, Promoted,Add to cart,Save to list
SAVE $0.50,$5.00,$5.50 - $5.00 / 1L,Impressed Cold Pressed Jack Rose Juice 1L,Add to cart,Save to list
$4.95,$8.25 / 100G,Noway Collagen Jelly Bar Belgian Choc 60g,Add to cart,Save to list
$3.60,$60.00 / 1L,Nudie Juice Shot Digestive 60ml,Add to cart,Save to list
SAVE $1.00,$3.00,$4.00 - $7.50 / 100G,Rafferty's Garden Pea Pods 40g,5.0,/,1,Add to cart,Save to list
LOWER AUTUMN PRICE,$8.50,$2.43 / 100G,RANGE WAS $9.50 - 25/02/2025,Strength Meals Co Calorie Conscious Grilled Chicken Dinner 350g,Add to cart,Save to list
$5.00,$12.50 / 100G,Temole Avocado Chips Tomato Salsa 40g,Add to cart,Save to list
$4.90,$9.80 / 1L,Up&Go Protein Energize Strawberry Flavour Drink 500mL,Add to cart,Save to list
$4.10,$41.00 / 1KG,Woolworths Smoked Sliced Ham Off The Bone 100g,4.2,/,499,Add to cart,Save to list
SAVE $1.20,$4.70,$5.90 - $2.35 / 100G,Fodmapped For You Simmer Sauce Butter Chicken Curry 200G,5.0,/,4,Add to cart,Save to list
$5.50,$1.67 / 100G,Hart & Soul Satay Chicken Saucy Noodles Box 330g,Add to cart,Save to list
$4.95,$12.38 / 1L,Hunt And Brew Peru Mocha Coffee Milk Drink 400ml,Add to cart,Save to list
$4.75,$13.57 / 100G,Little Bellies Organic Carrot Puffs 35g,5.0,/,5,Add to cart,Save to list
SAVE $1.40,$5.50,$6.90 - $1.17 / 100G,Bega Peanut Butter Super Crunchy 470g,Add to cart,Save to list
SAVE $0.50,$2.00,$2.50 - $5.00 / 100G,Go Natural Bars Yoghurt Coated Almond & Apricot 40g,4.8,/,9,Add to cart,Save to list
SAVE $0.50,$3.50,$4.00 - $5.07 / 100G,Macro Sweet Potato Chickpea Chips 69g,3.5,/,711,Add to cart,Save to list
LOWER AUTUMN PRICE,$5.40,$45.00 / 1KG,RANGE WAS $6 - 25/02/2025,Mainland Extra Tasty Cheddar Cracker Cuts 120g,Add to cart,Save to list
$4.95,$11.00 / 100G,Noway Collagen Marshmallow Bar Vanilla 45g,Add to cart,Save to list
$3.80,$6.33 / 1L,Original Juice Co. Goodness Green 600ml,Add to cart,Save to list
$3.80,$4.18 / 100G,Sakata Stars Snack Sized Cheese Rice Crackers Multipack 13g x 7 Pack,Promoted,Add to cart,Save to list
SAVE $1.50,$3.50,$5.00 - $1.75 / 100G,Arnotts Shapes Multipack Cracker Biscuits Pizza 8 pack,Promoted,Add to cart,Save to list
$7.00,$1.40 / 100G,Western Star Spreadable Butter Blend Tub Soft 'n' Less Salt 500g,Promoted,Add to cart,Save to list
SAVE $2.00,$7.00,$9.00 - $2.00 / 100G,Quorn Meatfree Style Butter Chicken & Rice 350g,5.0,/,1,Add to cart,Save to list
$5.00,$5.00 / 1L,The Juice Brothers Morning Start Juice 1L,Add to cart,Save to list
$4.90,$0.33 / 1EA,Compostic Compostable Sandwich Bags 15 Pack,Add to cart,Save to list
$9.50,$3.80 / 100G,Egmont Honey Manuka Honey MGO 30+ 250g,Add to cart,Save to list
SAVE $2.00,$7.00,$9.00 - $3.50 / 100G,Pana Organic Crunchy Hazelnut Chocolate Spread 200g,Add to cart,Save to list
SAVE $1.20,$4.70,$5.90 - $5.22 / 100G,Simply Wholesome Pantry Air Popped Brown Rice & Quinoa Cakes Salt & Vinegar 15g x 6 pack,Add to cart,Save to list
$6.20,$7.38 / 100G,Table Of Plenty Mini Rice Cakes Dark Chocolate Snack Packs 6 pack,Promoted,Add to cart,Save to list
SAVE $1.40,$5.30,$6.70 - $7.07 / 1L,Sustagen High Protein Nutrition Top-Up Vanilla Flavour Ready To Drink 250mL x 3 pack,Promoted,Add to cart,Save to list
SAVE $2.20,$4.70,$6.90 - $1.87 / 100G,Nature Valley Crunchy Variety Granola Bars 42g x 6 pack,Promoted,Add to cart,Save to list
SAVE $2.20,$4.70,$6.90 - $1.87 / 100G,Nature Valley Crunchy Oats & Honey Granola Bars 42g x 6 pack,Promoted,Add to cart,Save to list
$3.50,$1.21 / 100G,Three Threes Mightymite Spread 290g,Add to cart,Save to list
SAVE $2.95,$2.95,$5.90 - $3.93 / 100G,Vege Chips Straws Honey Soy 75g,Add to cart,Save to list
$6.50,$1.81 / 100G,Woolworths Free From Gluten Iced Carrot Cake Slices 4 Pack,4.1,/,346,Add to cart,Save to list
$4.50,$1.29 / 100G,Woolworths Thai Green Chicken Curry With Jasmine Rice 350g,5.0,/,2,Add to cart,Save to list
$6.00,$1.00 / 1EA,Mr Kipling Salted Caramel Slice 6 pack,4.6,/,84,Add to cart,Save to list
$6.25,$78.13 / 1KG,Nibblish Gently Baked Mixed Berries 80g,Add to cart,Save to list
SAVE $1.20,$4.70,$5.90 - $5.22 / 100G,Simply Wholesome Pantry Air Popped Brown Rice & Quinoa Cakes Lightly Salted 15g x 6 pack,Add to cart,Save to list
$9.50,$1.90 / 100G,Toscano Tiramisu 500g,Add to cart,Save to list
NEW,$2.40,$4.80 / 1L,Woolworths Orange Juice With Pulp 500mL,5.0,/,4,Add to cart,Save to list
EVERYDAY LOW PRICE,$10.80,$16.67 / 1KG,Bega Original Cheese Slices 36 Pack 648g,Add to cart,Save to list
EVERYDAY LOW PRICE,$8.00,$1.23 / 100G,Bega Simply Nuts The Crunchiest Natural Peanut Butter 650g,Add to cart,Save to list
SAVE $1.60,$6.39,$7.99 - $5.33 / 100G,Isaac's Snacks Fruit & Oat Muesli Bars 120g,Add to cart,Save to list
SAVE $2.52,$3.78,$6.30,Sistema Plasticware Snack To Go Each,Add to cart,Save to list
SAVE $3.36,$5.04,$8.40,DESIGNS MAY VARY,Sistema To Go Portion Pod Assorted 2 Pack,3.0,/,1,Add to cart,Save to list
SAVE $0.90,$4.80,$5.70 - $1.69 / 100G,St Dalfour Strawberry & Rhubarb 284g 284g,Add to cart,Save to list
$5.00,$12.50 / 100G,Temole Almond Chips Seasalt 40g,Add to cart,Save to list
$6.00,$3.00 / 100G,The Happy Snack Company Roasted Chickpeas Lightly Salted 200g,4.2,/,21,Add to cart,Save to list
SAVE $2.95,$2.95,$5.90 - $3.93 / 100G,Vege Chips Straws Barbeque 75g,Add to cart,Save to list
SAVE $0.50,$5.50,$6.00 - $0.92 / 1EA,Woolworths Scone Homestyle Fruit 6 Pack,3.6,/,346,Afternoon delivery & pick up,Add to cart,Save to list
$8.50,$2.50 / 100G,Capilano 100% Pure Australian Honey Non Active Manuka Squeeze 340g,Add to cart,Save to list
$7.30,$2.65 / 100G,Fix & Fogg Everything Butter 275g,Add to cart,Save to list
$7.80,$3.71 / 100G,Fodmapped For You Oven Baked Bars Cranberry Vanilla 210g,Add to cart,Save to list
$5.50,$2.20 / 100G,Hart & Soul Supergrain Butter Chicken 250g,Add to cart,Save to list
$3.50,MINT Food Storage Containers 300mL 3 pack,4.8,/,12,Add to cart,Save to list
$4.00,$4.00 / 100G,Pop Box Mega Butter Microwave Popcorn 100g,Promoted,Add to cart,Save to list
$12.60,$8.40 / 1L,Sanitarium Up&Go Liquid Breakfast Banana 6 Pack,5.0,/,1, Promoted,Add to cart,Save to list
SAVE $8.10,$18.90,$27.00 - $47.25 / 100ML,Neutrogena Ultra Sheer Fluid Facial Sunscreen Spf50 40ml,Promoted,Add to cart,Save to list
$2.50,$5.00 / 100G,Gold Medal Snacks Single Pack Pork Krackles 50g,Promoted,Add to cart,Save to list
SAVE $0.90,$4.80,$5.70 - $1.71 / 100G,Mayver's Australian Raspberry Fruit Spread 280g,Add to cart,Save to list
$7.90,$31.60 / 1KG,Norco Elbo Style Cheese Slices 250g,Add to cart,Save to list
$7.50,$3.95 / 100G,Noshu 95% Sugar Free Fudgy Peanut Brownies 190g,Add to cart,Save to list
$4.50,$12.86 / 1L,Oat Milk Goodness OMG Chocolate Protein Oat Milk 350mL,Add to cart,Save to list
$3.50,$1.75 / 1L,P&N Apple Mango Juice 2l,5.0,/,1,Add to cart,Save to list
SAVE $0.90,$3.60,$4.50 - $12.00 / 1L,Schweppes Zero Sugar Lemonade Soda Syrup Sugar Free Cordial 300ml,Add to cart,Save to list
$4.00,$0.50 / 100G,Woolworths Soft Family Damper 800g,Afternoon delivery & pick up,Add to cart,Save to list
$6.90,$1.52 / 100G,Barker's Raspberry & Redcurrant Jam 455g,Add to cart,Save to list
$3.80,$3.45 / 100G,Ceres Organics Rice Cakes No Added Salt 110g,4.7,/,18,Add to cart,Save to list
$11.00,Decor Tellfresh Cupcake Container 4L,Add to cart,Save to list
$9.50,$2.71 / 100G,Easy Eats Cajun Chicken With Spiral Pasta Meal 350g,Add to cart,Save to list
SAVE $1.20,$4.70,$5.90 - $2.35 / 100G,Fodmapped For You Teriyaki Stir Fry Simmer Sauce 200g,4.0,/,1,Add to cart,Save to list
EVERYDAY LOW PRICE,$1.50,$7.50 / 100G,Macro Mighty Bites Berry Crunch Balls 20g,3.0,/,296,Add to cart,Save to list
$4.20,$12.00 / 1L,Boost Energy Lift 350ml,Add to cart,Save to list
$4.40,$23.78 / 1KG,John West Tuna & Beans Roasted Capsicum Kidney Navy Beans Chickpeas 185g,4.5,/,2,Add to cart,Save to list
$7.90,$4.16 / 100G,Kez's Kitchen Gluten Free Choc Raspberry Vienna Eclairs 190g,4.8,/,20,Add to cart,Save to list
SAVE $2.50,$5.00,$7.50 - $1.32 / 100G,Pic's Smoochy 380g,Add to cart,Save to list
$5.50,$2.50 / 100G,Simply Wholesome Pantry Instant Nourish Bowl Bulgar & Quinoa 220g,Add to cart,Save to list
$5.70,$22.80 / 1KG,Philadelphia Original Cream Cheese Spread Tub 250g,Promoted,Add to cart,Save to list
$6.80,$9.07 / 1L,Sanitarium Up&Go Liquid Breakfast Vanilla Ice 3 Pack,Promoted,Add to cart,Save to list
$3.60,$7.20 / 1L,Dairy Farmers Classic Chocolate Milk 500ml,Promoted,Add to cart,Save to list
$4.30,$2.26 / 100G,2 FOR $7.00 - $1.84/100G,Sirena Chicken Pad Thai Noodles 190g,Add to cart,Save to list
SAVE $0.70,$2.50,$3.20 - $33.33 / 1KG,Sirena Snacking Tuna Chilli & Mayonnaise 75g,Add to cart,Save to list
$16.00,Sistema Nest It Meal Prep Containers 5 Pack,Add to cart,Save to list
$3.50,$5.07 / 100G,Tasti Smooshed Wholefood Balls Peanut Butter & Caramel 69g,4.5,/,22,Add to cart,Save to list
$6.70,$5.08 / 100G,Uncle Tobys Low Sugar Oat Slice Honey Macadamia 6 Pack 132g,Add to cart,Save to list
NEW,$1.00,$0.24 / 100G,Woolworths Black Beans 420g,Add to cart,Save to list
$12.60,$8.40 / 1L,Sanitarium Up&Go Liquid Breakfast Vanilla Ice 6 Pack,Promoted,Add to cart,Save to list
$12.60,$8.40 / 1L,Sanitarium Up&Go Liquid Breakfast Strawberry 6 Pack,Promoted,Add to cart,Save to list
SAVE $6.60,$15.40,$22.00 - $17.50 / 100ML,Neutrogena Ultra Sheer Face Lotion Sunscreen Spf 50 88ml,Promoted,Add to cart,Save to list
$15.00,$23.08 / 100ML,Nivea Sun Kids Protect & Play Spf50 Roll-On Sunscreen 65ml,Promoted,Add to cart,Save to list
OUT OF STOCK,Woolworths Red Kidney Beans 420g,Add to cart,Save to list
$4.00,$10.00 / 100G,BC Snacks Dark Chocolate Coconut Plant Based Protein Bar 40g,5.0,/,5,Add to cart,Save to list
$9.00,$2.81 / 100G,Dineamic Free Range Chicken Burrito Bowl 320g,Add to cart,Save to list
$12.00,$7.50 / 100G,Health Lab Cookies n Crème Custard Filled Balls 4 Pack,Add to cart,Save to list
$4.60,$6.13 / 1L,Norco Real Triple Shot 750ml,Add to cart,Save to list
EVERYDAY LOW PRICE,$5.00,$1.43 / 100G,Ready Chef Tomato Bacon Pasta 350g,Add to cart,Save to list
$8.00,$2.29 / 100G,2 FOR $15.00 - $2.14/100G,Woolworths Chicken Pesto Pasta Bake 350g,3.6,/,284,Add to cart,Save to list
$10.60,$2.12 / 100G,Airborne Manuka Honey Upside Down 500g,Add to cart,Save to list
$6.50,$32.50 / 100G,Little Bellies Yoghurt Melts Strawberry & Banana 20g,4.5,/,39,Add to cart,Save to list
$3.90,$0.56 / 100G,Mighty Soft Wholemeal Large Slice 700g,Add to cart,Save to list
SAVE $0.50,$3.50,$4.00 - $58.33 / 1L,Perkii Immunity Super Berry Probiotic Shot 60ml,Add to cart,Save to list
$4.00,$4.00 / 100G,Pop Box Microwave Popcorn Caramel Crunch Flavour 100g,Add to cart,Save to list
SAVE $1.40,$5.30,$6.70 - $7.07 / 1L,Sustagen High Protein Nutrition Top-Up Strawberry Ready To Drink 250mL x 3 pack,Add to cart,Save to list
SAVE $2.95,$2.95,$5.90 - $3.93 / 100G,Vege Chips Sweet Potato Nibbles Salt & Vinegar Flavour 75g,Add to cart,Save to list
$6.00,$3.00 / 1L,Woolworths Breakfast Juice 2l,4.3,/,434,Add to cart,Save to list
$4.50,$22.50 / 1KG,Woolworths Good To Go Fresh Rockmelon 200g,Add to cart,Save to list
$6.80,$0.34 / 1M,Armada Extra Wide Aluminium Foil 20m,Add to cart,Save to list
$8.90,$1.78 / 100G,Fodmapped For You Chicken & Vegetable Soup 500g,Add to cart,Save to list
$18.00,$21.18 / 100ML,Neutrogena Ultra Sheer Body Lotion Sunscreen Spf 50 85ml,Promoted,Add to cart,Save to list
SAVE $1.40,$5.30,$6.70 - $7.07 / 1L,Sustagen High Protein Nutrition Top-Up Strawberry Ready To Drink 250mL x 3 pack,Promoted,Add to cart,Save to list
$25.00,DESIGNS MAY VARY,Contigo Kids Aubrey Water Bottle Assorted each,Promoted,Add to cart,Save to list
$5.50,$3.67 / 100G,Sunrice Brown Rice Chips Smokehouse Bbq & Paprika 150g,4.1,/,11,Add to cart,Save to list
$4.50,$1.50 / 100G,Woolworths Vegetable Singapore Style Noodles Box 300g,1.9,/,408,Add to cart,Save to list
SAVE $3.00,$3.00,$6.00,Decor Fresh Seal Clips Container Square 630mL,Add to cart,Save to list
SAVE $1.70,$2.50,$4.20 - $7.14 / 1L,First Press Iced Coffee Oat Milk Double Shot 350ml,Add to cart,Save to list
SAVE $0.80,$4.00,$4.80 - $23.53 / 1KG,John West Wild Caught Salmon Bowl Coconut Chilli Lime &Thai Rice 170g,4.0,/,151,Add to cart,Save to list
$5.50,$4.23 / 100G,Little Bellies Organic Cocoa & Vanilla 123's 130g,Add to cart,Save to list
EVERYDAY LOW PRICE,$10.80,$1.44 / 100G,Mayver's Peanut Butter Protein + 750g,Add to cart,Save to list
$2.00,$2.35 / 100G,Poppin Microwave Popcorn Cheese Flavour 85g,Add to cart,Save to list
SAVE $1.00,$4.00,$5.00 - $8.89 / 1KG,Snacktacular Fruity Pouch Puree Apple 90g x 5 Pack,Add to cart,Save to list
$4.00,$5.00 / 100G,Ceres Organics Puffed Stars Sour Cream & Chives 80g,Add to cart,Save to list
$3.45,$138.00 / 1KG,Kooee Sticks Organic Beef Sea Salt 25g,Promoted,Add to cart,Save to list
SAVE $1.50,$3.50,$5.00 - $1.75 / 100G,Arnotts Shapes Multipack Cracker Biscuits Vegemite & Cheese 8 pack,5.0,/,1, Promoted,Add to cart,Save to list
$4.00,$4.00 / 100G,Pop Box Microwave Popcorn Caramel Crunch Flavour 100g,Promoted,Add to cart,Save to list
SAVE $1.00,$8.00,$9.00 - $2.29 / 100G,Fitness Outcomes Thai Green Chicken Curry 350g,Add to cart,Save to list
$6.50,$1.73 / 100G,Fodmapped For You Red Wine & Italian Herbs Tomato Pasta Sauce 375G,5.0,/,1,Add to cart,Save to list
SAVE $0.70,$3.00,$3.70 - $6.00 / 1L,Norco Real Iced Coffee Triple Shot 500ml,Add to cart,Save to list
$3.00,$1.76 / 100G,Queensland Yoghurt Co Lemon-Myrtle & Macadamia Yoghurt 170g,Add to cart,Save to list
SAVE $2.00,$7.00,$9.00 - $2.00 / 100G,Quorn Meat Free Satay Style Noodles Meal 350g,Add to cart,Save to list
NEW,$5.00,$3.85 / 100G,Red Rock Deli Gourmet Crackers Roasted Onion & Chives 130g,Add to cart,Save to list
SAVE $5.40,$8.10,$13.50,Sistema Hydrate Active Shaker 750ml Each,Promoted,Add to cart,Save to list
SAVE $5.30,$7.95,$13.25,DESIGNS MAY VARY,Sistema Hydrate Tritan Water Drink Bottle 800mL Assorted each,Promoted,Add to cart,Save to list
SAVE $5.60,$8.40,$14.00,DESIGNS MAY VARY,Sistema ActiveTritan Bottle 800mL Assorted Each,4.3,/,6, Promoted,Add to cart,Save to list
$28.00,$7.00 / 100ML,Nivea Sun Protect & Moisture Lock Spf50+ Sunscreen 400ml,Promoted,Add to cart,Save to list
SAVE $1.20,$4.80,$6.00 - $1.92 / 100G,Simply Wholesome Pantry Gluten Free Couscous 250g,Add to cart,Save to list
SAVE $0.70,$2.50,$3.20 - $33.33 / 1KG,Sirena Tuna Roasted Capsicum Mayo Snacking 75g,Add to cart,Save to list
$9.50,$9.50 / 1KG,Woolworths Devon Round PER KG,Add to cart,Save to list
$3.95,$7.90 / 1L,Breaka Iced Coffee Flavoured Milk 500mL,Add to cart,Save to list
$13.50,$3.97 / 100G,Capilano Mgo 60+ Manuka Honey Active Manuka Mgo60+ Squeeze 340g,Add to cart,Save to list
OUT OF STOCK,Little Bellies Organic Apple & Cinnamon Puffs 35g,View similar,products,             to Little Bellies Organic Apple & Cinnamon Puffs 35g,Save to list
$30.00,$30.00 / 100G,Little Urchin Natural Clear Zinc Sunscreen 100g,Add to cart,Save to list
$3.80,$6.55 / 100G,Macro Mini Multigrain Rice Cakes Vegan Chocolate 58g,3.9,/,389,Add to cart,Save to list
$20.00,$4.00 / 100G,Mayver's Manuka Honey MGO 100+ 500g,Add to cart,Save to list
$4.00,$4.00 / 100G,Pop Box Butter Flavour Microwave Popcorn 100g,Add to cart,Save to list
SAVE $0.65,$2.30,$2.95 - $24.21 / 1KG,Sirena Tuna Pink Green & Black Peppercorn 95g,Add to cart,Save to list
SAVE $2.00,$27.00,$29.00 - $27.00 / 1KG,Woolworths Turkey Breast Oven Roasted Shaved PER KG,Add to cart,Save to list
LOWER AUTUMN PRICE,$5.70,$2.11 / 100G,RANGE WAS $6.80 - 25/02/2025,Buddee Smooth Nut Free Spread 270g,5.0,/,1,Add to cart,Save to list
$5.00,$5.00 / 100G,Ceres Organics Pea Chips Salt & Vinegar 100g,Add to cart,Save to list
$5.50,$2.75 / 1EA,Cookieman Loaded Milk Choc Chip Cookies With Choc Hazelnut Filling 2 pack,Add to cart,Save to list
$7.50,$3.75 / 100G,Mamee Rice Snacks Sticks Cheese Flavour 200g,3.5,/,30,Add to cart,Save to list
EVERYDAY LOW PRICE,$3.90,$19.50 / 1KG,Robern Apricot Indulgence 200g,5.0,/,1,Add to cart,Save to list
$8.00,$2.29 / 100G,2 FOR $15.00 - $2.14/100G,Woolworths Chicken Tikka Masala With Rice Chilled Meal 350g,3.6,/,258,Add to cart,Save to list
$28.00,$9.33 / 100ML,Nivea Sun Protect & Moisture Lock Spf50+ Sunscreen Spray 300ml,Promoted,Add to cart,Save to list
$28.00,$9.33 / 100ML,Nivea Sun Ultra Sport Cooling Sunscreen Trigger Spray Spf50+ 300ml,Promoted,Add to cart,Save to list
SAVE $1.00,$3.50,$4.50 - $2.80 / 100G,Obela Hi Protein Hommus To Go 125g,Promoted,Add to cart,Save to list
IN-STORE ONLY,Woolworths Good To Go Seasonal Fruit Salad 200g,View similar,products,             to Woolworths Good To Go Seasonal Fruit Salad 200g,Save to list
$5.50,$7.05 / 100G,Macro Mini Multigrain Rice Cakes Vegan Chocolate 6 pack,4.0,/,357,Add to cart,Save to list
$2.40,$1.71 / 100G,Pauls Chupa Chups Flavoured Custard Watermelon 140g,Add to cart,Save to list
$5.00,$1.08 / 100G,Simson's Pantry Tomato & Basil Large Wraps 7 pack,Add to cart,Save to list
$6.70,$5.08 / 100G,Uncle Tobys Low Sugar Oat Slice Salted Caramel Flavour 6 Pack 132g,4.1,/,97,Add to cart,Save to list
EVERYDAY LOW PRICE,$8.00,$4.00 / 100ML,Woolworths Everyday Sunscreen Sensitive Spray Spf50+ 200ml,Add to cart,Save to list
$5.50,$14.67 / 1L,The Man Shake Fuel High Protein Health Shake Iced Coffee 375mL,Promoted,Add to cart,Save to list
$33.00,DESIGNS MAY VARY,Contigo Ashland 946ml Water Bottle Assorted each,Promoted,Add to cart,Save to list
$23.50,$11.75 / 100ML,Nivea Sun Ultra Sport Cooling Spf50+ Sunscreen Spray 200ml,Promoted,Add to cart,Save to list
$5.50,$14.67 / 1L,The Man Shake Fuel Chocolate Health Shake 375mL,Promoted,Add to cart,Save to list
$13.00,$3.25 / 100G,Woolworths Slow Cooked Lamb With Gravy Roasted Garlic Mash & Peas 400g,3.7,/,170,Add to cart,Save to list
LOWER AUTUMN PRICE,$21.00,$21.00 / 1KG,RANGE WAS $23.50KG - 25/02/2025,Champagne Leg Ham Shaved From The Deli Per Kg,Add to cart,Save to list
SAVE $0.50,$3.00,$3.50 - $7.50 / 1L,Cocobella Fusions Raspberry Lemon 400ml,Add to cart,Save to list
SAVE $1.50,$4.00,$5.50 - $0.90 / 100G,Helga's Portuguese Peri Peri Wraps 7 Pack,Add to cart,Save to list
EVERYDAY LOW PRICE,$5.00,$1.43 / 100G,Ready Chef Chicken Curry Rice 350g,Add to cart,Save to list
$12.60,$8.40 / 1L,Sanitarium Up&Go Dairy Free Vanilla Ice Flavour 6 x 250mL,Add to cart,Save to list
$4.00,$0.13 / 1M,Armada Evergreen Cling Wrap 30m,Add to cart,Save to list
SAVE $1.40,$5.50,$6.90 - $1.45 / 100G,Bonne Maman Caramel Spread 380g,Add to cart,Save to list
SAVE $1.00,$3.00,$4.00 - $0.08 / 1EA,Glad To Be Green 50% Plant Based Sandwich Bags 40 Pack,Add to cart,Save to list
$2.20,$36.67 / 100G,Kiddylicious Smoothie Melts Strawberry & Banana 12+ Months 6g,4.0,/,100,Add to cart,Save to list
$3.80,$6.55 / 100G,Macro Mini Multigrain Rice Cakes Vegan Dark Chocolate 58g,4.1,/,345,Add to cart,Save to list
LOWER AUTUMN PRICE,$4.00,$0.80 / 1EA,WAS $5 - 25/02/2025,Macro Wholefoods Market Mighty Bites Cocoa Crunch Ball Twin Packs 100g,2.9,/,360,Add to cart,Save to list
SAVE $0.70,$2.50,$3.20 - $33.33 / 1KG,Sirena Tuna & Pesto Mayo Snacking 75g,Add to cart,Save to list
SAVE $4.60,$6.90,$11.50,DESIGNS MAY VARY,Sistema Hydrate Twist n Sip Water Drink Bottle 800mL each,Add to cart,Save to list
$4.50,$1.48 / 100G,Woolworths Chicken Bolognese With Spaghetti 305g,2.9,/,938,Add to cart,Save to list
$4.50,$15.00 / 1L,Bickford's Soda Syrup Pink Lemonade 300ml,Add to cart,Save to list
$4.50,$4.09 / 100G,Great Temptations Chocolate Chip Muffins 5 pack,Add to cart,Save to list
$5.50,$2.20 / 100G,Hart & Soul Panang Curry 250g,Add to cart,Save to list
$4.60,$6.13 / 1L,Norco Real Iced Chocolate Ultimate 750ml,Add to cart,Save to list
$3.00,$1.76 / 100G,Queensland Yoghurt Co Creamy Thick Probiotic Passionfruit 170g,Add to cart,Save to list
SAVE $1.50,$4.00,$5.50 - $2.16 / 100G,Uncle Tobys Muesli Bar Chewy Caramel Choc 6 Pack 185g,4.3,/,87,Add to cart,Save to list
$3.00,$2.14 / 100G,Vitasoy Oat Yoghurt Summer Fruits 140g,Promoted,Add to cart,Save to list
SAVE $1.00,$3.50,$4.50 - $2.80 / 100G,Obela Hi-Protein To Go Jalapeno Hommus 125g,Promoted,Add to cart,Save to list
$9.50,$3.80 / 100G,Egmont Honey Manuka Honey MGO 30+ 250g,Promoted,Add to cart,Save to list
$4.00,$4.00 / 100G,Pop Box Butter Flavour Microwave Popcorn 100g,Promoted,Add to cart,Save to list
$3.95,$7.90 / 1L,Breaka Chocolate Flavoured Milk 500mL,Add to cart,Save to list
$5.50,$2.75 / 1EA,Cookieman Loaded Red Velvet Cheesecake Filled Cookies 2 Pack,Add to cart,Save to list
EVERYDAY LOW PRICE,$9.00,$2.57 / 100G,Easy Eats Chicken Pesto Pasta 350g,Add to cart,Save to list
SAVE $1.10,$4.40,$5.50 - $1.47 / 1L,Golden Circle Apple Mango 3l,4.4,/,37,Add to cart,Save to list
$17.70,$17.70 / 1KG,Hans Strassburg Sliced Traditional Per Kg,Add to cart,Save to list
SAVE $1.10,$4.40,$5.50 - $22.00 / 1KG,John West Skinless & Boneless Salmon In Springwater 200g,2.6,/,13,Add to cart,Save to list
$6.00,$6.67 / 100G,Kez's Kitchen Honey Joy 5 pack,Add to cart,Save to list
$4.50,$1.29 / 100G,Woolworths Garlic Chicken With Sesame Ginger & Rice Box 350g,2.6,/,440,Add to cart,Save to list
$3.95,$7.90 / 1L,Breaka Strawberry Flavoured Milk 500mL,Add to cart,Save to list
$10.00,$2.94 / 100G,Capilano 100% Pure Australian Honey Active Manuka Mgo30+ Squeeze 340g,Add to cart,Save to list
$7.30,$1.95 / 100G,Fix & Fogg Peanut Butter Super Crunchy 375g,Add to cart,Save to list
$3.60,$11.08 / 1L,Impressed Cold Pressed Juice Jack Rose 325ml,Add to cart,Save to list
SAVE $0.95,$3.00,$3.95 - $5.00 / 1L,OAK Choc Lactose Free Flavoured Milk 600mL,Add to cart,Save to list
SAVE $1.20,$4.70,$5.90 - $5.22 / 100G,Simply Wholesome Pantry Air Popped Brown Rice & Quinoa Cakes Cheese 15g x 6 pack,Add to cart,Save to list
$5.50,$14.67 / 1L,The Man Shake Fuel High Protein Health Shake Iced Coffee 375mL,Add to cart,Save to list
$8.00,$2.29 / 100G,2 FOR $15.00 - $2.14/100G,Woolworths Roasted Capsicum Pork Rigatoni 350g,3.8,/,168,Add to cart,Save to list
$5.00,$6.67 / 1L,Bickford's Cordial Blood Orange Sherbet 750mL,Add to cart,Save to list
SAVE $13.50,$40.50,$54.00,Brita Water Filter Jug Starter Pack Marella XL 3.5L With 2 Filters each,Add to cart,Save to list
$5.50,$5.50 / 100G,Healtheries Tasty Tubes Cheese 100g,Add to cart,Save to list
SAVE $1.10,$4.40,$5.50 - $22.00 / 1KG,John West Skinless & Boneless Salmon In Olive Oil 200g,5.0,/,3,Add to cart,Save to list
EVERYDAY LOW PRICE,$4.10,$0.59 / 100G,Tip Top Sunblest Wholemeal Sandwich 700G,Add to cart,Save to list
$6.00,$4.00 / 100G,The Happy Snack Company Roasted Chickpeas Lime And Cracked Pepper 6 Pack,4.6,/,20, Promoted,Add to cart,Save to list
$6.00,$4.00 / 100G,The Happy Snack Company Roasted Chickpeas Lightly Salted 6 Pack,4.5,/,37, Promoted,Add to cart,Save to list
$6.00,$4.00 / 100G,The Happy Snack Company Roasted Fava Beans Smoky Bbq 6 Pack,Promoted,Add to cart,Save to list
EVERYDAY LOW PRICE,$6.50,$1.73 / 100G,Arnotts Shapes Multipack Cracker Biscuits Variety 15 pack,Promoted,Add to cart,Save to list
SAVE $2.95,$2.95,$5.90 - $3.93 / 100G,Vege Chips Sweet Potato Nibbles Honey Soy Flavour 75g,Add to cart,Save to list
$6.00,$15.00 / 100G,Whole Kids Organic Stage 2 Cereal Little Flowers Berry 40g,Add to cart,Save to list
OUT OF STOCK,Woolworths Easter Mini Dessert Selection 20 pack,Add to cart,Save to list
SAVE $0.90,$4.85,$5.75 - $121.25 / 1KG,Byron Beef Jerky Sweet & Saucy 40g,Add to cart,Save to list
$3.50,$14.58 / 1L,Cafe Peak Iced Coffee Latte 240ml,Add to cart,Save to list
$7.00,Decor Tellfresh Container Oblong 2L,Add to cart,Save to list
$7.80,$4.46 / 100G,Fodmapped For You Oven Baked Berry & White Chocolate Protein Bar 35g x 5 pack,Add to cart,Save to list
EVERYDAY LOW PRICE,$4.00,$2.00 / 1L,Juicy Isle Lime Flavoured Cordial 2l,Add to cart,Save to list
$4.95,$8.25 / 100G,Noway Collagen Choc Orange Jelly Bar 60g,Add to cart,Save to list
$3.80,$6.33 / 1L,Original Juice Co. Apple Blackcurrant Juice 600ml,Add to cart,Save to list
SAVE $0.70,$2.50,$3.20 - $33.33 / 1KG,Sirena Snacking Tuna Aioli 75g,Add to cart,Save to list
$4.90,$4.90 / 100G,Vege Chips Chicken Style 100g,4.6,/,26,Add to cart,Save to list
EVERYDAY LOW PRICE,$6.00,$8.00 / 100ML,Woolworths Kids Sunscreen Spf 50+ Roll On 75ml,Add to cart,Save to list
$8.00,$2.29 / 100G,2 FOR $15.00 - $2.14/100G,Woolworths Lamb Rogan Josh With Basmati Rice 350g,3.9,/,196,Add to cart,Save to list
$13.00,$3.25 / 100G,Woolworths Prosciutto Wrapped Chicken Chilled Meal 400g,4.0,/,510,Add to cart,Save to list
$4.50,$15.00 / 1L,Bickford's Soda Syrup Creamy Soda 300ml,Add to cart,Save to list
$6.20,$6.20 / 1L,Boost All Berry Bang Juice 1l,Add to cart,Save to list
$11.00,$3.67 / 1EA,Decor Tellfresh Container Set Oblong 500mL x 3 pack,Add to cart,Save to list
$5.00,$2.86 / 100G,Arnotts Mini Choc Chip Cookie Multipack Biscuits 7 Pack,Promoted,Add to cart,Save to list
EVERYDAY LOW PRICE,$6.50,$1.73 / 100G,Arnotts Tiny Teddy Variety Multipack Biscuits 15 Pack,Promoted,Add to cart,Save to list
$6.00,$4.00 / 100G,The Happy Snack Company Roasted Fava Beans Sea Salt And Balsamic Vinegar 6 Pack,4.8,/,36, Promoted,Add to cart,Save to list
SAVE $1.00,$8.00,$9.00 - $2.29 / 100G,Fitness Outcomes Chicken Massaman With Coconut Turmeric Rice & Green Beans 350g,Add to cart,Save to list
$8.90,$1.78 / 100G,Fodmapped For You Roasted Pumpkin & Sage Soup 500G,4.0,/,3,Add to cart,Save to list
$5.50,$1.83 / 100G,2 FOR $9.00 - $1.50/100G,Mayver's Squeezy Crunchy Peanut Butter 300g,Add to cart,Save to list
$4.30,$13.03 / 1L,Remedy Kombucha Ginger Lemon 330ml,Add to cart,Save to list
$8.00,DESIGNS MAY VARY,Decor Icewall Ice Brick Pack Small 2 pack,Add to cart,Save to list
EVERYDAY LOW PRICE,$9.50,$1.27 / 100G,Fix & Fogg Peanut Butter Super Crunchy 750g,Add to cart,Save to list
$6.00,$3.00 / 100G,The Happy Snack Company Roasted Chickpeas Lightly Salted 200g,4.2,/,21, Promoted,Add to cart,Save to list
$7.00,$1.40 / 100G,Western Star Spreadable Butter Blend Tub Supersoft 500g,Promoted,Add to cart,Save to list
SAVE $1.00,$3.00,$4.00 - $1.20 / 100G,Arnotts Vita Weat 9 Grain Crispbreads 250g,Promoted,Add to cart,Save to list
$6.00,$4.00 / 100G,The Happy Snack Company Roasted Fava Beans Lightly Salted 6 Pack,4.8,/,22, Promoted,Add to cart,Save to list
OUT OF STOCK,Golden Circle Pineapple Juice Sweetened Fruit Juice Pineapples 1l,4.7,/,79,View similar,products,             to Golden Circle Pineapple Juice Sweetened Fruit Juice Pineapples 1l,Save to list
$5.50,$2.20 / 100G,Hart & Soul All Natural Supergrain Satay Chicken 250g,Add to cart,Save to list
$3.30,$0.08 / 1EA,Hercules 50% Plant Based Snack Bags 40 Pack,Add to cart,Save to list
SAVE $0.95,$3.00,$3.95 - $6.00 / 1L,Ice Break Iced Coffee No Sugar Add Flavoured Milk 500mL,Add to cart,Save to list
SAVE $0.90,$4.80,$5.70 - $1.71 / 100G,Mayver's Australian Blueberry Fruit Spread 280g,Add to cart,Save to list
$18.00,$2.77 / 100G,Miguel Maestre Basque Burnt Cheesecake 650g,Add to cart,Save to list
EVERYDAY LOW PRICE,$4.50,$1.00 / 100G,Mission Soft & Fluffy Butter Flavoured Wraps 12 Pack,Add to cart,Save to list
EVERYDAY LOW PRICE,$8.60,$40.95 / 1KG,Paramount Salmon Red 210g,Add to cart,Save to list
$4.95,$4.13 / 100G,Picon Creamy Spread Portions Cheese Spread 120g,Add to cart,Save to list
EVERYDAY LOW PRICE,$7.50,$35.71 / 1KG,Safcol Wild Alaskan Red Salmon 210g,Add to cart,Save to list
$12.60,$8.40 / 1L,Sanitarium Up&Go Liquid Breakfast No Added Sugar Choc Ice 250ml x6 Pack,Add to cart,Save to list
SAVE $1.00,$3.00,$4.00 - $1.00 / 100G,South Australian Gourmet Food Company Tuscan Meatballs Meal 300g,Add to cart,Save to list
$5.00,$6.67 / 1L,Bickford's Cordial Berry Tingle 750ml,Add to cart,Save to list
EVERYDAY LOW PRICE,$9.00,$2.57 / 100G,Easy Eats Honey Sriracha Chicken 350g,Add to cart,Save to list
SAVE $1.00,$8.95,$9.95 - $2.56 / 100G,Fast Fuel Bbq Chicken & Mac & Cheese 350g,Add to cart,Save to list
$4.50,$4.09 / 100G,Great Temptations Orange & Poppyseed Muffins 5 pack,Add to cart,Save to list
$6.50,$3.71 / 100G,Kez's Kitchen Chocolate Peanut Butter Brownie 5 pack,Add to cart,Save to list
SAVE $1.00,$3.00,$4.00 - $1.00 / 100G,South Australian Gourmet Food Company Beef Stroganoff Meal 300g,Add to cart,Save to list
SAVE $1.20,$2.80,$4.00 - $1.60 / 100G,Arnotts Shapes Cheddar Cracker Biscuits 175g,Promoted,Add to cart,Save to list
SAVE $1.50,$3.50,$5.00 - $1.75 / 100G,Arnotts Shapes Multipack Cracker Biscuits Mini Chicken Crimpy 8 pack,Promoted,Add to cart,Save to list
$6.20,$7.38 / 100G,Table Of Plenty Mini Rice Cakes Milk Chocolate Snack Packs 6 pack,Promoted,Add to cart,Save to list
$4.00,$2.00 / 1EA,Woolworths Feta & Spinach Bistro 2 Pack,4.0,/,228,Add to cart,Save to list
$8.80,$2.51 / 100G,Earth Plant Based Meat Free Lasagne 350g,Add to cart,Save to list
SAVE $1.00,$8.95,$9.95 - $2.56 / 100G,Fast Fuel Lemon Herb Schnitzel & Rosemary Mash 350g,Add to cart,Save to list
SAVE $1.00,$8.00,$9.00 - $2.29 / 100G,Fitness Outcomes Portuguese Chicken With Roasted Potato & Sweet Corn 350g,Add to cart,Save to list
SAVE $1.20,$4.70,$5.90 - $2.35 / 100G,Fodmapped For You Sweet & Sour Simmer Stir Fry Sauce 200g,Add to cart,Save to list
$5.50,$1.67 / 100G,Hart & Soul Ramen Chilli & Garlic Saucy Noodles Box 330g,Add to cart,Save to list
$3.30,$3.14 / 100G,Sunbites Sea Salt Snack Crackers With Quinoa Share Pack 105g,4.7,/,55, Promoted,Add to cart,Save to list
$6.20,$7.38 / 100G,Table Of Plenty Mini Rice Cakes Berry Yoghurt Topped 6 pack,Promoted,Add to cart,Save to list
EVERYDAY LOW PRICE,$10.00,$1.98 / 100G,Nature Valley Crunchy Family Variety Granola Bars 42g x 12 pack,Promoted,Add to cart,Save to list
SAVE $1.30,$4.70,$6.00 - $3.09 / 100G,Nature Valley Peanut & Chocolate Protein Bars 4 pack,Promoted,Add to cart,Save to list
$5.30,$1.51 / 100G,Heinz Tortellini Three Cheese Pasta With Creamy Mushroom & Bacon 350g,3.6,/,35,Add to cart,Save to list
$6.00,$8.00 / 100G,Kez's Kitchen Chocolate Crackle 5 pack,Add to cart,Save to list
SAVE $0.90,$4.80,$5.70 - $1.71 / 100G,Mayver's Australian Apricot Fruit Spread 280g,Add to cart,Save to list
$6.50,$2.83 / 100G,Mr Kipling 6 Strawberry Bakewell Tarts 230g,Add to cart,Save to list
$4.50,$9.00 / 1L,Nedd's Choccy Milk 500mL,Add to cart,Save to list
OUT OF STOCK,Sirena Chicken Korean Style Rice 190g,View similar,products,             to Sirena Chicken Korean Style Rice 190g,Save to list
EST. RESTOCK 08/04/25,Woolworths Yellow Fin Tuna In Olive Oil 160g,4.4,/,973,View similar,products,             to Woolworths Yellow Fin Tuna In Olive Oil 160g,Save to list
$10.00,Decor Tellfresh Pantry Container Oblong 3L,Add to cart,Save to list
$9.50,$2.71 / 100G,Easy Eats Beef Bolognese With Spaghetti Meal 350g,Add to cart,Save to list
EVERYDAY LOW PRICE,$4.00,$2.00 / 1L,Juicy Isle Cordial Tropical Flavoured 2L,Add to cart,Save to list
NEW,$6.00,$2.00 / 100G,Park Avenue Character Cookies Marvel Spider Man 15 pack,Add to cart,Save to list
SAVE $1.00,$3.00,$4.00 - $7.50 / 100G,Rafferty's Garden Pea Pods Cheese Flavour 40g,4.0,/,1,Add to cart,Save to list
$5.00,$1.43 / 100G,Wokka Noodle Box Pad Thai 350g,Add to cart,Save to list
$8.00,$2.29 / 100G,2 FOR $15.00 - $2.14/100G,Woolworths Calorie Controlled Butter Chicken With Rice 350g,3.5,/,492,Add to cart,Save to list
NEW,$18.00,$2.57 / 100G,Woolworths Caramel Macadamia Cheesecake 700g,Add to cart,Save to list
$2.95,$9.83 / 1L,Breaka Iced Coffee Flavoured Milk 300mL,Add to cart,Save to list
$4.00,$2.00 / 100G,Cakemark Cookies Coconut Macaroons 6 Pack 200g,Add to cart,Save to list
$3.60,$7.20 / 1L,Dairy Farmers Classic Milk Mint Choc Chip 500mL,Add to cart,Save to list
SAVE $1.30,$4.70,$6.00 - $3.09 / 100G,Nature Valley Salted Caramel Protein Bars 4 pack,Promoted,Add to cart,Save to list
SAVE $2.52,$3.78,$6.30,Sistema Plasticware Snack To Go Each,Promoted,Add to cart,Save to list
$3.70,$3.70 / 1EA,Sistema Klip It Plus Rectangle 400ml,5.0,/,1, Promoted,Add to cart,Save to list
EVERYDAY LOW PRICE,$9.50,$1.27 / 100G,Fix & Fogg Smooth Peanut Butter 750g,Add to cart,Save to list
SAVE $0.50,$2.00,$2.50 - $4.44 / 100G,Go Natural Savoury Bars Almond Cashews 45g,4.5,/,4,Add to cart,Save to list
$5.00,$6.41 / 100G,Messy Monkeys Air Popped Popcorn Salted 6 pack,Add to cart,Save to list
$8.00,$2.29 / 100G,2 FOR $15.00 - $2.14/100G,Woolworths Chicken Korma With Rice Chilled Meal 350g,3.3,/,308,Add to cart,Save to list
IN-STORE ONLY,Woolworths Good To Go Seasonal Melon Mix 200g,View similar,products,             to Woolworths Good To Go Seasonal Melon Mix 200g,Save to list
$3.00,$0.10 / 1EA,Armada Evergreen Medium Snap Seal Sandwich Bags 30 Pack,Add to cart,Save to list
$12.60,$8.40 / 1L,Sanitarium Up&Go Liquid Breakfast Choc Ice 6 Pack,Promoted,Add to cart,Save to list
$6.20,$7.38 / 100G,Table Of Plenty Mini Rice Cakes Snack Packs Caramel White Choc 6 pack,Promoted,Add to cart,Save to list
SAVE $1.40,$5.30,$6.70 - $7.07 / 1L,Sustagen High Protein Nutrition Top-Up Dutch Chocolate Ready To Drink 250mL x 3 pack,Promoted,Add to cart,Save to list
$5.00,$2.50 / 100G,Arnotts Mini Scotch Finger Multipack Biscuits 8 Pack,Promoted,Add to cart,Save to list
$4.50,$3.81 / 100G,Cobs Drizzl'd Double Choc Natural Popcorn 118g,Add to cart,Save to list
$3.60,$7.20 / 1L,Dairy Farmers Classic Caramel Flavoured Milk 500mL,Add to cart,Save to list
$3.50,MINT Food Storage Containers 600mL 3 pack,3.7,/,13,Add to cart,Save to list
SAVE $1.00,$4.50,$5.50 - $1.17 / 100G,Mission Wraps Mini Wheat 8 Pack,Add to cart,Save to list
NEW,$6.50,$4.33 / 1L,Original Juice Co. Citrus Shield Juice Mandarin Orange Grapefruit & Lemon 1.5L,Add to cart,Save to list
SAVE $2.00,$7.00,$9.00 - $2.00 / 100G,Quorn Meat Free Lasagne Meal 350g,Add to cart,Save to list
SAVE $0.90,$3.60,$4.50 - $6.00 / 100G,Rafferty's Garden Blueberry & Banana Teething Wafers 60g,Add to cart,Save to list
$5.00,$1.43 / 100G,Wokka Noodle Box Honey Soy 350g,Add to cart,Save to list
SAVE $1.85,$5.40,$7.25 - $0.54 / 1EA,Balconi Mix Max Spgnckes Cocoa 10 Pack,Add to cart,Save to list
$10.00,$3.33 / 1EA,Decor Tellfresh Container Set Oblong 250mL x 3 pack,2.5,/,2,Add to cart,Save to list
$6.95,$4.63 / 1L,Grove Juice Cloudy Apple 1.5l,Add to cart,Save to list
$3.50,$8.75 / 100G,Health Lab Aussie Lamington Snack Ball 40g,Add to cart,Save to list
SAVE $1.60,$6.39,$7.99 - $4.26 / 100G,Isaac's Snacks Jammy Date Bite 150g,4.0,/,1,Add to cart,Save to list
SAVE $1.00,$5.50,$6.50 - $26.19 / 1KG,John West Wild Alaskan Pink Salmon 210g,3.0,/,1,Add to cart,Save to list
EVERYDAY LOW PRICE,$9.00,$18.00 / 1KG,Macro Fruit & Nut Energy Mix 500g,Add to cart,Save to list
EVERYDAY LOW PRICE,$7.50,$15.00 / 1KG,Macro Seeds Nibble Mix Roasted 500g,Add to cart,Save to list
$29.50,$29.50 / 1KG,Moira Mac's Roasted Shredded Chicken Breast Per Kg,Add to cart,Save to list
SAVE $5.40,$8.10,$13.50,Sistema Hydrate Active Shaker 750ml Each,Add to cart,Save to list
SAVE $0.60,$4.70,$5.30 - $0.62 / 100G,Abbott's Bakery Sourdough White Bread Sandwich Slice Loaf 760g,5.0,/,3, Promoted,Add to cart,Save to list
$3.80,$4.18 / 100G,Sakata Stars Snack Sized Cheese Rice Crackers Multipack 13g x 7 Pack,Promoted,Add to cart,Save to list
SAVE $1.50,$3.50,$5.00 - $1.75 / 100G,Arnotts Shapes Multipack Cracker Biscuits Pizza 8 pack,Promoted,Add to cart,Save to list
EVERYDAY LOW PRICE,$5.00,$2.78 / 100G,Woolworths Strawberry Cheesecake 2 Pack,3.2,/,408,Add to cart,Save to list
SAVE $0.50,$7.00,$7.50 - $2.59 / 100G,Bare Bakers Salted Caramel Choc Brownie 270g,Add to cart,Save to list
EVERYDAY LOW PRICE,$7.00,$13.59 / 1KG,Bega Cream Cheese Spread Light 515g,Add to cart,Save to list
$6.50,$32.50 / 1KG,Cheer Vintage Cheese Block 200g,Add to cart,Save to list
$3.60,$7.20 / 1L,Dairy Farmers Classic Chocolate Lactose Free Flavoured Milk 500mL,Add to cart,Save to list
$9.50,$2.71 / 100G,Easy Eats Beef Lasagne Meal 350g,Add to cart,Save to list
$7.00,$1.40 / 100G,Western Star Spreadable Butter Blend Tub Soft 'n' Less Salt 500g,Promoted,Add to cart,Save to list
$6.20,$7.38 / 100G,Table Of Plenty Mini Rice Cakes Dark Chocolate Snack Packs 6 pack,Promoted,Add to cart,Save to list
SAVE $1.40,$5.30,$6.70 - $7.07 / 1L,Sustagen High Protein Nutrition Top-Up Vanilla Flavour Ready To Drink 250mL x 3 pack,Promoted,Add to cart,Save to list
SAVE $2.20,$4.70,$6.90 - $1.87 / 100G,Nature Valley Crunchy Variety Granola Bars 42g x 6 pack,Promoted,Add to cart,Save to list
SAVE $1.00,$8.95,$9.95 - $2.56 / 100G,Fast Fuel Meals South Fried Chicken 350g,5.0,/,1,Add to cart,Save to list
$3.75,$0.38 / 1EA,I Was A Milk Bottle Latge Storage Resealable Slider Bags 10 Pack,Add to cart,Save to list
$3.75,$0.25 / 1EA,I Was A Milk Bottle Medium Freezer Resealable Slider Bags 15 Pack,Add to cart,Save to list
$3.75,$0.09 / 1EA,I Was A Milk Bottle Snack Resealable Slider Bags 40 Pack,Add to cart,Save to list
$4.30,$13.03 / 1L,Lo Bros Yuzu Lemonade Kombucha 330ml,Add to cart,Save to list
SAVE $0.65,$5.85,$6.50 - $3.90 / 1L,Original Juice Co. Black Label Apple & Blackcurrant 1.5L,Add to cart,Save to list
$8.00,$2.29 / 100G,2 FOR $15.00 - $2.14/100G,Woolworths Beef & Black Bean With Basmati Rice 350g,3.2,/,229,Add to cart,Save to list
$3.50,$1.75 / 1EA,Woolworths Cheese & Garlic Swirl 2 Pack,3.5,/,312,Add to cart,Save to list
$13.00,$3.25 / 100G,Woolworths New York Pepper Steak Chilled Meal 400g,3.6,/,118,Add to cart,Save to list
$6.90,$6.90 / 1KG,Ambrosia Apple Punnet 1kg,Add to cart,Save to list
$14.00,$12.73 / 100ML,Cancer Council Ultra Spf 50+ Sunscreen 110ml,Add to cart,Save to list
EVERYDAY LOW PRICE,$37.00,$3.70 / 100ML,Cancer Council Ultra Sunscreen Spf50+ Pump 1l,Add to cart,Save to list
$5.50,$1.67 / 100G,Hart & Soul Thai Chicken Saucy Noodles Box 330g,Add to cart,Save to list
$5.50,$5.50 / 100G,Healtheries Tasty Twists Chicken 100g,Add to cart,Save to list
$5.30,$1.51 / 100G,Heinz Ravioli Ricotta With Rich Bolognese & Garlic 350g,3.6,/,35,Add to cart,Save to list
$4.30,$13.03 / 1L,Lo Bros Kombucha Peach & Blackberry 330mL,Add to cart,Save to list
SAVE $0.50,$3.50,$4.00 - $5.07 / 100G,Macro Wholefoods Market Cauliflower Chickpea Chips 69g,3.6,/,486,Add to cart,Save to list
EVERYDAY LOW PRICE,$2.20,$2.20 / 1L,Noosa Natural Spring Water 1l,Add to cart,Save to list
$5.70,$22.80 / 1KG,Philadelphia Original Cream Cheese Spread Tub 250g,Promoted,Add to cart,Save to list
$6.80,$9.07 / 1L,Sanitarium Up&Go Liquid Breakfast Vanilla Ice 3 Pack,Promoted,Add to cart,Save to list
$2.50,$5.00 / 100G,Gold Medal Snacks Single Pack Pork Krackles 50g,Promoted,Add to cart,Save to list
$5.50,Decor Tellfresh Container Oblong 900mL,Add to cart,Save to list
$25.00,$25.00 / 100G,Little Urchin Natural Clear Zinc Sunscreen SPF30 100g,Add to cart,Save to list
EVERYDAY LOW PRICE,$1.50,$6.00 / 100G,Macro Wholefoods Market Sea Salt Plantain Chips 25g,3.2,/,294,Add to cart,Save to list
$5.00,$6.41 / 100G,Messy Monkeys Air Popped Popcorn Sweet & Salty 6 pack,Add to cart,Save to list
$3.50,$9.33 / 1L,Norco Minecraft Flavoured Milk Strawberry 375mL,Add to cart,Save to list
SAVE $0.70,$3.00,$3.70 - $6.00 / 1L,Norco Real Iced Chocolate Milk Ultimate 500ml,Add to cart,Save to list
$3.60,$7.20 / 1L,Dairy Farmers Classic Chocolate Milk 500ml,Promoted,Add to cart,Save to list
$12.60,$8.40 / 1L,Sanitarium Up&Go Liquid Breakfast Vanilla Ice 6 Pack,Promoted,Add to cart,Save to list
$12.60,$8.40 / 1L,Sanitarium Up&Go Liquid Breakfast Strawberry 6 Pack,Promoted,Add to cart,Save to list
SAVE $6.60,$15.40,$22.00 - $17.50 / 100ML,Neutrogena Ultra Sheer Face Lotion Sunscreen Spf 50 88ml,Promoted,Add to cart,Save to list
SAVE $0.70,$2.50,$3.20 - $29.41 / 1KG,Sirena Tuna Snack Tub Tomato & Onion Snacking 85g,Add to cart,Save to list
SAVE $2.95,$2.95,$5.90 - $3.93 / 100G,Vege Chips Sweet Potato Nibbles Barbeque Flavour 75g,Add to cart,Save to list
$6.00,$15.00 / 100G,Whole Kids Little Stars Cereal Banana & Chia 40g,Add to cart,Save to list
$8.00,$2.29 / 100G,2 FOR $15.00 - $2.14/100G,Woolworths Chicken Casserole With Mash 350g,3.4,/,250,Add to cart,Save to list
$12.50,$11.36 / 100ML,Cancer Council Everyday Value Sunscreen Spf50+ 110ml,Add to cart,Save to list
$6.00,$1.50 / 100G,Coco Earth Thai Green Chicken Curry With Jasmine Rice 400g,1.0,/,1,Add to cart,Save to list
SAVE $6.50,$6.50,$13.00,Decor Microsafe Microwavable Container Set 3 pack,Add to cart,Save to list
SAVE $12.50,$12.50,$25.00,Decor Microsafe Microwavable Container Set 5 pack,Add to cart,Save to list
$11.00,$4.40 / 100G,Egmont Honey Manuka Honey MGO 50+ 250g,Add to cart,Save to list
SAVE $1.00,$8.00,$9.00 - $2.29 / 100G,Fitness Outcomes Chipotle Beef & Corn Salsa 350g,Add to cart,Save to list
$5.50,$5.24 / 100G,Macro Caramel Cashew Snack Ball With Nut Butter 3 pack,3.9,/,225,Add to cart,Save to list
$5.00,$5.88 / 100G,Macro Plantain Chips Sea Salt 85g,3.6,/,295,Add to cart,Save to list
$6.50,$3.02 / 100G,Mr Kipling 6 Chocolate & Caramel Bakewell Tarts 215g,Add to cart,Save to list
OUT OF STOCK,Nexus Super Protein Sparkling Water Tropical Crush 355mL,View similar,products,             to Nexus Super Protein Sparkling Water Tropical Crush 355mL,Save to list
SAVE $2.90,$5.00,$7.90 - $1.43 / 100G,Ruffie Rustic Foods Sweet Potato Cottage Pie With Red Lentils 350g,Add to cart,Save to list
SAVE $1.00,$3.00,$4.00 - $1.00 / 100G,South Australian Gourmet Food Company Honey Mustard Chicken Meal 300g,Add to cart,Save to list
$8.00,$2.29 / 100G,2 FOR $15.00 - $2.14/100G,Woolworths Cottage Pie With Sweet Potato Mash 350g,3.7,/,329,Add to cart,Save to list
$13.00,$17.33 / 100ML,Banana Boat Kids Roll On Sunscreen SPF50+ 75mL,Add to cart,Save to list
$15.00,$23.08 / 100ML,Nivea Sun Kids Protect & Play Spf50 Roll-On Sunscreen 65ml,Promoted,Add to cart,Save to list
$29.00,$29.00 / 100ML,Invisible Zinc Sport Spf 50+ Mineral Sunscreen Cream 100g,Promoted,Add to cart,Save to list
$18.00,$21.18 / 100ML,Neutrogena Ultra Sheer Body Lotion Sunscreen Spf 50 85ml,Promoted,Add to cart,Save to list
$7.15,$2.13 / 100G,Bonne Maman Apricot Spread 335g,5.0,/,1,Add to cart,Save to list
SAVE $4.00,$4.00,$8.00 - $1.45 / 100G,Coco Earth Mexican Bean Nachos Ready Meal 275g,Add to cart,Save to list
$23.00,$23.00 / 100G,Ethical Zinc SPF 50+ Natural Clear Zinc Sunscreen 100g,Add to cart,Save to list
SAVE $0.35,$3.15,$3.50 - $17.50 / 100G,Fine Fettle Cinnamon Apple Crisps 18g,Add to cart,Save to list
$25.00,$0.08 / 1M,Glad To Be Green Cling 50% Bio-Based 300m,Add to cart,Save to list
$4.50,$3.75 / 100G,Great Temptations Mufnutz 5 pack,Add to cart,Save to list
SAVE $1.40,$5.30,$6.70 - $7.07 / 1L,Sustagen High Protein Nutrition Top-Up Strawberry Ready To Drink 250mL x 3 pack,Promoted,Add to cart,Save to list
$25.00,DESIGNS MAY VARY,Contigo Kids Aubrey Water Bottle Assorted each,Promoted,Add to cart,Save to list
SAVE $4.60,$6.90,$11.50,DESIGNS MAY VARY,Sistema Hydrate Twist n Sip Water Drink Bottle 800mL each,Promoted,Add to cart,Save to list
$22.00,$11.96 / 100G,Neutrogena Beach Defence Spray Sunscreen Spf 50 184g,Promoted,Add to cart,Save to list
$15.00,$20.00 / 100G,Hamilton Everyday Face Matte Finish Sunscreen SPF50+ 75g,Add to cart,Save to list
$35.00,$38.89 / 100ML,MCoBeauty Super Glow 3-In1 Invisible Face Mist Spf 50+ 90ml,4.0,/,27,Add to cart,Save to list
$4.30,$13.03 / 1L,Remedy Kombucha Raspberry Lemonade 330ml,Add to cart,Save to list
$4.50,$1.06 / 100G,Skippy Peanut Butter Natural Creamy 425g,Add to cart,Save to list
SAVE $4.00,$4.00,$8.00 - $1.04 / 100G,Coco Earth Chicken Burrito Bowl Ready Meal 385g,Add to cart,Save to list
SAVE $8.00,$29.00,$37.00 - $29.00 / 1KG,D'Orsogna Premium Australian Ham Off The Bone Per Kg,Add to cart,Save to list
$35.00,$46.67 / 100ML,MCoBeauty Invisible Facial Sunscreen SPF50+ 75mL,Add to cart,Save to list
SAVE $1.20,$4.80,$6.00 - $1.92 / 100G,Simply Wholesome Pantry Quick Cook Italian Farro 250g,Add to cart,Save to list
$5.00,$5.00 / 1L,The Juice Brothers Blueberry Blend 1L,Add to cart,Save to list
$51.95,Water Bottle Juice Drink Container Glass,Sold by Zamos,Add to cart,Save to list
$4.20,$12.00 / 1L,Boost Berry Happy 350ml,Add to cart,Save to list
$99.95,BreadSmart by Tupperware Large - 10 Year Warranty - Keeps Bread & Bakery Items Fresher For Longer!,1.0,/,2,Sold by Global Shop Direct,Add to cart,Save to list
$17.00,Decor Tellfresh Superstorer Extra Large Food Container 8.5L,Add to cart,Save to list
EVERYDAY LOW PRICE,$9.00,$2.57 / 100G,Easy Eats Teriyaki Chicken 350g,Add to cart,Save to list
SAVE $1.00,$3.00,$4.00 - $0.06 / 1EA,Glad To Be Green 50% Plant Based Resealable Snack Bags 50 Pack,Add to cart,Save to list
LOWER AUTUMN PRICE,$4.40,$4.07 / 100G,WAS $5.50 - 25/02/2025,Grinny Pea Puff Sea Salt Flavour 18g x 6 pack,Add to cart,Save to list
$57.60,HydraPak Reusable 1L Flux Water Bottle Outdoor Drinking Container Sutro Green,Sold by KG Superstore,Add to cart,Save to list
$4.30,$13.03 / 1L,Lo Bros Raspberry & Blackcurrant Kombucha 330ml,Add to cart,Save to list
$5.50,$7.05 / 100G,Macro Mini Multigrain Rice Cakes Vegan Dark Chocolate 6 Pack,3.8,/,314,Add to cart,Save to list
$5.50,$1.96 / 100G,Passage To India Veg Curry Bowl Butter Masala With Rice 280G,Add to cart,Save to list
SAVE $2.00,$7.00,$9.00 - $2.00 / 100G,Quorn Meat-Free Creamy Chicken Style Pasta 350g,Add to cart,Save to list
$4.00,$10.00 / 100G,BC Snacks Chocolate Brownie Espresso Energy Bar 40g,Add to cart,Save to list
$28.00,$7.00 / 100G,Banana Boat Sport Sunscreen Lotion SPF50+ 400g,Add to cart,Save to list
SAVE $5.40,$8.10,$13.50,Sistema Hydrate Active Shaker 750ml Each,Promoted,Add to cart,Save to list
EVERYDAY LOW PRICE,$8.00,$1.07 / 100G,Uno Penotti Hazelnut Spread 750g,Promoted,Add to cart,Save to list
SAVE $13.40,$20.10,$33.50,Sistema Double Walled Stainless Steel Water Drink Bottle 1L each,Promoted,Add to cart,Save to list
SAVE $5.30,$7.95,$13.25,DESIGNS MAY VARY,Sistema Hydrate Tritan Water Drink Bottle 800mL Assorted each,Promoted,Add to cart,Save to list
$6.00,$1.50 / 100G,Coco Earth Yellow Dahl With Long Grain Rice 400g,Add to cart,Save to list
SAVE $0.95,$3.00,$3.95 - $6.00 / 1L,Ice Break Strong Espresso Iced Coffee with 30g Protein 500mL,Add to cart,Save to list
$4.30,$13.03 / 1L,Lo Bros Pineapple & Lime Kombucha 330ml,Add to cart,Save to list
$3.50,$9.33 / 1L,Norco Minecraft Flavoured Milk Chocolate 375mL,Add to cart,Save to list
SAVE $1.00,$3.00,$4.00 - $1.00 / 100G,South Australian Gourmet Food Company Curried Sausages Meal 300g,2.0,/,1,Add to cart,Save to list
$10.00,$8.33 / 10G,Surf Life Saving Tinted Zinc Stick Spf50+ 12g,Add to cart,Save to list
$10.50,$7.29 / 100G,Toscano Macarons 144g,Add to cart,Save to list
$3.50,$1.75 / 1EA,Woolworths Caramel Braid 2 Pack,3.5,/,293,Add to cart,Save to list
$56.99,6PCS 600ml Glass Cups with Bamboo Lids Straws Iced Tea Coffee Beer Cocktail,Sold by Mac Ecommerce Pty Ltd,Add to cart,Save to list
$6.00,$1.50 / 100G,Coco Earth Butter Chicken With Basmati Rice 400g,5.0,/,1,Add to cart,Save to list
SAVE $2.00,$4.50,$6.50 - $0.15 / 1M,Compostic 100% Home Compostable Cling Wrap 30m,Add to cart,Save to list
$9.00,$2.81 / 100G,Dineamic Beef Meatballs In Napoli With Spiral Pasta 320g,Add to cart,Save to list
SAVE $2.50,$4.00,$6.50 - $4.71 / 100G,Macy and Tailor Plantain Chips Sea Salt 85g,Add to cart,Save to list
$10.50,$10.50 / 1EA,Sistema Klip It Plus Lunch Container 1.15l 2 Pack,Add to cart,Save to list
$28.00,$7.00 / 100G,Banana Boat Kids Sunscreen Lotion SPF50+ 400g,Add to cart,Save to list
$22.00,$12.57 / 100G,Banana Boat Sport Sunscreen Spray SPF50+ 175g,Add to cart,Save to list
$30.50,$6.10 / 100ML,Cancer Council Kid Sunscreen Spf50+ 500ml,Add to cart,Save to list
$5.50,$0.55 / 1EA,Compostic Compostable Large Freezer Safe Bags 10 Pack,Add to cart,Save to list
$4.00,$11.43 / 1L,YouJuice Golden Sunrise Juice 350ml,Add to cart,Save to list
EVERYDAY LOW PRICE,$3.30,$31.43 / 1KG,Deep Cove Pink Salmon 105g,3.1,/,956,Add to cart,Save to list
EVERYDAY LOW PRICE,$9.00,$2.57 / 100G,Easy Eats Fried Chicken & Potato Wedges 350g,Add to cart,Save to list
$4.50,$9.00 / 1L,Nedd's Ice Coffee 500mL,Add to cart,Save to list
OUT OF STOCK,Simply Wholesome Pantry Instant Nourish Bowl Beluga Lentils & Bulgur 220g,View similar,products,             to Simply Wholesome Pantry Instant Nourish Bowl Beluga Lentils & Bulgur 220g,Save to list
SAVE $1.20,$4.80,$6.00 - $1.92 / 100G,Simply Wholesome Pantry Quick Cook Millet & Lentils With Flaxseeds 250g,Add to cart,Save to list
SAVE $1.20,$4.80,$6.00 - $1.92 / 100G,Simply Wholesome Pantry Quick Cook Quinoa & Lentils With Sesame Seeds 250g,Add to cart,Save to list
SAVE $6.80,$10.20,$17.00,DESIGNS MAY VARY,Sistema Hydrate Active Tritan Water Drink Bottle 1L Assorted each,Add to cart,Save to list
$5.50,$2.44 / 100G,Woolworths Lower Carb Wholemeal Wrap 5 Pack,4.3,/,632,Add to cart,Save to list
$4.50,$1.50 / 100G,Woolworths Salmon Quinoa Rice With Lemon & Herbs Box 300g,2.3,/,331,Add to cart,Save to list
$8.90,$4.45 / 1L,YouFoodz Goodness Greens Juice 2L,Add to cart,Save to list
$28.00,$5.60 / 100ML,Cancer Council Everyday Value Sunscreen Spf50+ 500ml,Add to cart,Save to list
SAVE $1.75,$1.75,$3.50 - $9.72 / 100G,Fine Fettle Chilli Apple Crisps 18g,Add to cart,Save to list
$9.00,$1.25 / 100G,Guerrero Homestyle Soft Tacos 15 pack,Add to cart,Save to list
EVERYDAY LOW PRICE,$2.30,$4.60 / 1L,H2Melon Watermelon Water 500mL,Add to cart,Save to list
$5.30,$1.51 / 100G,Heinz Rigatoni With Tomato & Eggplant Pasta Meal 350g,3.9,/,33,Add to cart,Save to list
EVERYDAY LOW PRICE,$2.65,$8.28 / 1L,Ice Break Iced Coffee Single Shot Espresso Flavoured Milk 320mL,Add to cart,Save to list
$35.00,$23.33 / 100ML,Sundae Whipped SPF50 Sunscreen 150mL,Add to cart,Save to list
$5.50,$3.67 / 100G,Sunrice Brown Rice Chips Farmhouse Cheddar 150g,Add to cart,Save to list
SAVE $13.13,$39.37,$52.50,Brita Water Filter Cartridge Maxtra Pro Limescale 3 pack,Add to cart,Save to list
$16.00,$21.33 / 100ML,Cancer Council Face Day Wear Moisturiser Matte Invisible Spf 50+ 75ml,Add to cart,Save to list
EVERYDAY LOW PRICE,$9.00,$2.57 / 100G,Easy Eats Chicken Burrito Bowl 350g,Add to cart,Save to list
$5.50,$2.20 / 100G,Hart & Soul All Natural Supergrain Teriyaki Chicken 250g,Add to cart,Save to list
$3.70,$0.44 / 100G,Homestyle Bake Country Cafe Sandwich White Sliced Bread 850g,Add to cart,Save to list
$5.50,$15.49 / 1L,Nexus Super Protein Sparkling Water Sour Razz 355mL,Add to cart,Save to list
SAVE $1.20,$4.80,$6.00 - $1.92 / 100G,Simply Wholesome Pantry Quick Cook Bulgar & Quinoa 250g,Add to cart,Save to list
$16.55,$16.55 / 1EA,Sistema Klip It Plus Cereal Storer 4.2l,5.0,/,1,Add to cart,Save to list
SAVE $1.00,$3.00,$4.00 - $1.00 / 100G,South Australian Gourmet Food Company Chicken Cacciatore Meal 300g,Add to cart,Save to list
NEW,$5.00,$5.00 / 1L,The Juice Brothers Pine Lime Twist Juice 1L,Add to cart,Save to list
$8.00,$2.29 / 100G,2 FOR $15.00 - $2.14/100G,Woolworths Calorie Controlled Beef Casserole With Mash 350g,3.2,/,745,Add to cart,Save to list
SAVE $3.00,$13.95,$16.95 - $116.25 / 1KG,Byron Beef Jerky Smokey 120g,Add to cart,Save to list
$14.50,Decor Tellfresh Cake Container With Lifter 6L,Add to cart,Save to list
$13.50,Decor Tellfresh Container Set Oblong 1L x 3 pack,Add to cart,Save to list
$5.50,$2.20 / 100G,Hart & Soul No Nasties Veg Dahl 250g,Add to cart,Save to list
EVERYDAY LOW PRICE,$9.00,$18.00 / 1KG,Macro Nuts & Berry Boost Mix 500g,Add to cart,Save to list
$4.00,$6.67 / 1L,Pauls Just Natural Chocolate & Malt Flavoured Milk 600mL,Add to cart,Save to list
$7.35,$7.35 / 1EA,Sistema Klip It Plus Rectangle 180ml 3 Pack,Add to cart,Save to list
$4.00,$10.00 / 100G,BC Snacks White Choc Cookies & Cream Energy Bar 40g,Add to cart,Save to list
$6.50,$3.25 / 100G,Mr. Cake Lemon Cakes 8 Pack,Add to cart,Save to list
$6.00,$4.00 / 100G,The Happy Snack Company Kids Fava Beans Pizza 10 Pack,4.2,/,9, Promoted,Add to cart,Save to list
$7.00,$1.40 / 100G,Western Star Original Spreadable Butter Blend Tub 500g,3.0,/,1, Promoted,Add to cart,Save to list
$6.00,$4.00 / 100G,The Happy Snack Company Roasted Chickpeas Lime And Cracked Pepper 6 Pack,4.6,/,20, Promoted,Add to cart,Save to list
$6.00,$4.00 / 100G,The Happy Snack Company Roasted Chickpeas Lightly Salted 6 Pack,4.5,/,37, Promoted,Add to cart,Save to list
$4.30,$13.03 / 1L,Remedy Kombucha Mango Passion 330ml,Add to cart,Save to list
SAVE $0.70,$2.50,$3.20 - $29.41 / 1KG,Sirena Tuna Snack Tub Sweet Chilli Snacking 85g,Add to cart,Save to list
$15.00,$15.00 / 1EA,Sistema Klip It Plus Rectangle 7.5l,Add to cart,Save to list
SAVE $4.62,$6.93,$11.55,DESIGNS MAY VARY,Sistema To Go Cube Max Lunch Box 2L Assorted each,5.0,/,1,Add to cart,Save to list
SAVE $1.20,$3.80,$5.00 - $1.60 / 100G,Toscano French Style Madeleines Strawberry Jam Filled 238g,Add to cart,Save to list
SAVE $1.25,$5.00,$6.25 - $7.69 / 100G,Boodles Lunchbox Clusters Vanilla Sprinkles 65g,Add to cart,Save to list
SAVE $3.00,$4.00,$7.00 - $1.11 / 100G,Coco Earth Buttery Makhani Paneer With Garlic Naan 360g,Add to cart,Save to list
$19.00,$10.56 / 100ML,Hawaiian Tropic Silk Hydration Sunscreen Lotion SPF50+ 180mL,Add to cart,Save to list
$5.30,$1.51 / 100G,Heinz Rigatoni With Creamy Carbonara Pasta Meal 350g,3.4,/,30,Add to cart,Save to list
$30.99,Insulated Lunch Bag Cooler Tote Lunch Box Light & Portable for Men Kids Women Work Travel Office School Picnic Food Storage Easy & Durable Leak Proof Hot Cold (Pink),Sold by KHM Importing,Add to cart,Save to list
$30.99,Insulated Lunch Box Soft Tote Cooler Bag Portable for Work Travel Men Kids Women Office School Picnic Breast Milk Outdoor Leak Proof Hot Cold,Sold by KHM Importing,Add to cart,Save to list
$59.95,Lunch Box Insulated Lunch Bag For Office/School/Picnic BLUE,Sold by Zamos,Add to cart,Save to list
SAVE $0.70,$3.00,$3.70 - $6.00 / 1L,Norco Real Iced Latte Caramel 500ml,Add to cart,Save to list
EVERYDAY LOW PRICE,$12.00,$28.92 / 1KG,Safcol Wild Alaskan Red Salmon 415g,Add to cart,Save to list
$12.60,$8.40 / 1L,Sanitarium Up&Go Liquid Breakfast Iced Mocha Flavour 6 x 250mL,Add to cart,Save to list
$18.00,$9.00 / 100ML,Surf Life Saving Sunscreen Sport Spf 50+ 200ml,Add to cart,Save to list
$5.00,$12.50 / 100G,Temole Almond Chips Bbq 40g,Add to cart,Save to list
$8.50,$6.80 / 100G,The Mood Food Company Wellbeing Bars Chocolate Brownie 5 pack,Add to cart,Save to list
SAVE $2.00,$24.00,$26.00 - $24.00 / 1KG,D'Orsogna Triple Smoked Leg Ham 97% Fat Free Sliced From The Deli Per Kg,Add to cart,Save to list
SAVE $0.35,$3.15,$3.50 - $17.50 / 100G,Fine Fettle Apple Crisps 18g,Add to cart,Save to list
$5.50,$2.20 / 100G,Hart & Soul No Nasties Chicken Massaman 250g,Add to cart,Save to list
LOWER AUTUMN PRICE,$3.50,$35.00 / 1KG,RANGE WAS $4.50 - 25/02/2025,John West Salmon Fillet Soy & Ginger 100g,Add to cart,Save to list
$4.60,$6.13 / 1L,Norco Original Real Iced Coffee 750ml,Add to cart,Save to list
$6.00,$4.00 / 100G,The Happy Snack Company Roasted Fava Beans Sea Salt And Balsamic Vinegar 6 Pack,4.8,/,36, Promoted,Add to cart,Save to list
$6.00,$4.00 / 100G,The Happy Snack Company Roasted Fava Beans Smoky Bbq 6 Pack,Promoted,Add to cart,Save to list
$6.00,$3.00 / 100G,The Happy Snack Company Roasted Chickpeas Lightly Salted 200g,4.2,/,21, Promoted,Add to cart,Save to list
$7.00,$1.40 / 100G,Western Star Spreadable Butter Blend Tub Supersoft 500g,Promoted,Add to cart,Save to list
$15.00,$15.00 / 1EA,Sistema Klip It Plus Rectangle 1l 3 Pack,5.0,/,1,Add to cart,Save to list
$5.00,$1.32 / 100G,Uno Penotti Hazelnut Spread 380g,Add to cart,Save to list
$3.50,$1.75 / 1EA,Woolworths Pain Au Chocolat 2 Pack,3.5,/,276,Afternoon delivery & pick up,Add to cart,Save to list
$35.00,$35.00 / 1KG,Bertocchi Premium Boneless Leg Ham Sliced PER KG,Add to cart,Save to list
$19.50,$19.50 / 1KG,Deli Leg Ham Sliced From The Deli Per Kg,Add to cart,Save to list
OUT OF STOCK,Golden Circle Fruit Juices Pineapple Juice 2l,4.7,/,90,View similar,products,             to Golden Circle Fruit Juices Pineapple Juice 2l,Save to list
EVERYDAY LOW PRICE,$2.30,$4.60 / 1L,H2Juice Sparkling Watermelon 500mL,Add to cart,Save to list
$5.50,$1.96 / 100G,Passage To Asia Veg Curry Bowl Thai Green Curry With Jasmine Rice 280G,Add to cart,Save to list
OUT OF STOCK,Whole Kids Organic Mini Abc Apple & Chia Biscuits Multipack 30g x4 Pack,5.0,/,1,Add to cart,Save to list
$19.00,$9.50 / 100G,Banana Boat Sensitive Sunscreen Lotion SPF50+ 200g,Add to cart,Save to list
SAVE $3.00,$13.50,$16.50 - $13.50 / 1KG,Bertocchi Mortadella Green Olives Sliced From The Deli per KG,Add to cart,Save to list
$17.00,$11.33 / 100ML,Bondi Sands Spf50 Fragrance Free Lotion 150ml,Add to cart,Save to list
SAVE $1.60,$2.40,$4.00 - $13.41 / 1L,Boss Rainbow Mountain Blend Iced Latte 179ml,Add to cart,Save to list
SAVE $1.00,$2.00,$3.00 - $1.33 / 100G,Five:Am Organic Yoghurt Mango 150g,Add to cart,Save to list
EVERYDAY LOW PRICE,$2.30,$4.60 / 1L,H2Coco Pure Coconut Water 500mL,Add to cart,Save to list
$13.00,$18.57 / 100ML,Le Tan BB Cream Light Tint SPF 50+ 70mL,Add to cart,Save to list
SAVE $1.20,$3.80,$5.00 - $1.60 / 100G,Toscano French Style Madeleines Choc Cream Filled 238g,Add to cart,Save to list
$4.50,$1.50 / 100G,Woolworths Vegetable Pumpkin Risotto With Mushroom 300g,1.9,/,346,Add to cart,Save to list
SAVE $1.00,$3.00,$4.00 - $1.20 / 100G,Arnotts Vita Weat 9 Grain Crispbreads 250g,Promoted,Add to cart,Save to list
$5.00,$2.50 / 100G,Arnotts Tiny Teddy Chocolate Multipack Biscuits 8 Pack,Promoted,Add to cart,Save to list
SAVE $1.20,$2.80,$4.00 - $1.60 / 100G,Arnotts Shapes Cheddar Cracker Biscuits 175g,Promoted,Add to cart,Save to list
SAVE $1.50,$3.50,$5.00 - $1.75 / 100G,Arnotts Shapes Multipack Cracker Biscuits Mini Chicken Crimpy 8 pack,Promoted,Add to cart,Save to list
$13.90,$4.70 / 100G,3 FOR $34.95 - $3.94/100G,Be Fit Food Malaysian Chicken Curry 296g,Add to cart,Save to list
$2.95,$9.83 / 1L,Breaka Chocolate Flavoured Milk 300mL,Add to cart,Save to list
$11.00,$14.67 / 100ML,Cancer Council Spf 50+ Sunscreen Ultra 75ml,Add to cart,Save to list
SAVE $1.75,$5.25,$7.00 - $4.20 / 100G,Food For Health Gluten Free Bar Cookies & Cream 125g,Add to cart,Save to list
LOWER AUTUMN PRICE,$8.90,$6.74 / 1L,RANGE WAS $12.95 - 25/02/2025,Remedy Kombucha Passionfruit 330mL x 4 pack,Add to cart,Save to list
$5.50,$2.50 / 100G,Simply Wholesome Pantry Instant Nourish Bowl Chickpeas & Quinoa 220g,Add to cart,Save to list
$13.40,$13.40 / 1EA,Sistema Klip It Plus Rectangle 2.2l 2 Pack,1.0,/,1,Add to cart,Save to list
$39.00,$39.00 / 1KG,Woolworths Rare Roast Beef Sliced Per Kg,Add to cart,Save to list
$35.00,$35.00 / 1KG,Bertocchi Premium Boneless Leg Ham Shaved PER KG,Add to cart,Save to list
$14.00,$12.73 / 100ML,Cancer Council Kids Spf 50+ Sunscreen 110ml,Add to cart,Save to list
$6.00,$4.00 / 100G,The Happy Snack Company Roasted Fava Beans Lightly Salted 6 Pack,4.8,/,22, Promoted,Add to cart,Save to list
$4.50,$1.06 / 100G,Skippy Natural Super Chunk Peanut Butter 425g,Add to cart,Save to list
$8.00,$2.29 / 100G,2 FOR $15.00 - $2.14/100G,Woolworths Thai Satay Chicken With Rice Chilled Meal 350g,3.1,/,325,Add to cart,Save to list
SAVE $1.25,$5.00,$6.25 - $7.69 / 100G,Boodles Lunchbox Clusters Strawberry 65g,Add to cart,Save to list
$7.00,$1.94 / 100G,Coco Earth Butter Chicken With Naan 360g,2.0,/,1,Add to cart,Save to list
$7.00,$1.94 / 100G,Coco Earth Mango Chicken With Rice 360g,Add to cart,Save to list
SAVE $4.00,$4.00,$8.00 - $1.25 / 100G,Coco Earth Ready Meal Chicken Soft Taco Kit 320g,2.0,/,1,Add to cart,Save to list
$3.70,$0.44 / 100G,Homestyle Bake Country Cafe Sandwich Wholemeal Sliced Bread 850g,Add to cart,Save to list
$5.50,$5.24 / 100G,Macro Lemon Coconut Snack Balls With Nut Butter 105g,3.5,/,172,Add to cart,Save to list
$15.00,$15.00 / 100ML,Nivea Sun Sensitive Protect Spf50 Sunscreen Lotion 100ml,Add to cart,Save to list
$19.00,$9.50 / 100G,Banana Boat Sport Sunscreen Lotion SPF50+ 200g,Add to cart,Save to list
$26.00,$10.40 / 100G,Capilano 100% Pure Australian Honey Active Manuka Mgo300+ Squeeze 250g,Add to cart,Save to list
LOWER AUTUMN PRICE,$21.00,$21.00 / 1KG,RANGE WAS $23.50KG - 25/02/2025,Champagne Sliced Leg Ham From The Deli Per Kg,Add to cart,Save to list
$12.00,DESIGNS MAY VARY,Decor Junior Tritan Kids Water Drink Bottle 500mL Assorted each,1.0,/,1,Add to cart,Save to list
$39.00,$78.00 / 100ML,MCoBeauty Super Glow Invisible Face Serum SPF50 50mL,Add to cart,Save to list
EVERYDAY LOW PRICE,$5.00,$23.81 / 1KG,Safcol Wild Alaskan Pink Salmon 210g,Add to cart,Save to list
SAVE $7.26,$10.89,$18.15,Sistema Mega Fold Up Cooler Bag Each,Add to cart,Save to list
$13.00,$1.73 / 100G,Woolworths Apple Lattice Pie 750g,4.2,/,372,Add to cart,Save to list
NEW,$5.40,$1.94 / 100G,Woolworths Deli Style Chips Multipack 277g,Add to cart,Save to list
$32.90,$32.90 / 1KG,Woolworths Smoked Beef Pastrami Per Kg,Add to cart,Save to list
SAVE $1.50,$3.50,$5.00 - $1.75 / 100G,Arnotts Shapes Multipack Cracker Biscuits Pizza 8 pack,Promoted,Add to cart,Save to list
SAVE $1.40,$5.30,$6.70 - $7.07 / 1L,Sustagen High Protein Nutrition Top-Up Dutch Chocolate Ready To Drink 250mL x 3 pack,Promoted,Add to cart,Save to list
$7.00,$1.40 / 100G,Western Star Spreadable Butter Blend Tub Soft 'n' Less Salt 500g,Promoted,Add to cart,Save to list
$6.20,$7.38 / 100G,Table Of Plenty Mini Rice Cakes Dark Chocolate Snack Packs 6 pack,Promoted,Add to cart,Save to list
$4.30,$1.08 / 1EA,Bakery Du Jour Pain Au Choclat 4 Pack,Add to cart,Save to list
SAVE $0.90,$4.85,$5.75 - $121.25 / 1KG,Byron Beef Jerky Lime & Cracked Pepper 40g,Add to cart,Save to list
$18.50,$37.00 / 100ML,Cancer Council Bb Cream Matte Medium Tint 50ml,Add to cart,Save to list
$16.00,$21.33 / 100ML,Cancer Council Day Wear Water Resistant Spf 50+ 75ml,Add to cart,Save to list
$16.00,DESIGNS MAY VARY,Decor Snap n Seal Stainless Steel Water Drink Bottle 1L each,4.0,/,1,Add to cart,Save to list
$20.00,$7.55 / 100ML,Hamilton Sensitive Sunscreen Lotion SPF50+ 265mL,Add to cart,Save to list
$5.30,$117.78 / 1KG,Jims Jerky Smokey Beef 45g,Add to cart,Save to list
$19.50,$7.80 / 100ML,Le Tan SPF30+ Coconut Spray 250mL,Add to cart,Save to list
$7.00,$1.87 / 100G,Lean Cuisine Chicken Tikka Masala 375g,Add to cart,Save to list
$5.00,$5.88 / 100G,Macro Plantain Chips Chilli 85g,3.2,/,215,Add to cart,Save to list
SAVE $0.50,$3.50,$4.00 - $5.07 / 100G,Macro Wholefoods Market Spinach Chickpea Chips 69g,3.7,/,1153,Add to cart,Save to list
SAVE $2.50,$4.00,$6.50 - $4.71 / 100G,Macy and Tailor Plantain Chips Chilli Lime 85g,Add to cart,Save to list
$6.50,$3.25 / 100G,Mr Brownie Blondies 8 Pack,Add to cart,Save to list
SAVE $8.10,$18.90,$27.00 - $47.25 / 100ML,Neutrogena Ultra Sheer Fluid Facial Sunscreen Spf50 40ml,Add to cart,Save to list
SAVE $7.20,$10.80,$18.00 - $21.60 / 100ML,Nivea Sun Uv Face Shine Control Spf50+ 50ml,Add to cart,Save to list
$4.50,$12.86 / 1L,OMG Oat Milk Coffee Proatein 350mL,Add to cart,Save to list
EVERYDAY LOW PRICE,$2.25,$2.25 / 1L,P&N Fruit Drink Tropical 1l,Add to cart,Save to list
NEW,$6.00,$2.00 / 100G,Park Avenue Character Cookies Barbie 15 pack,Add to cart,Save to list
SAVE $0.70,$3.00,$3.70 - $6.00 / 1L,Norco Double Shot Real Iced Coffee 500ml,Add to cart,Save to list
NEW,$3.00,$9.23 / 1L,Raw C Pure Coconut Water Infused With Chocolate 325mL,Add to cart,Save to list
$15.00,$12.00 / 100ML,Reef Tanning Oil Coconut Sunscreen Spf 30+ 125ml,Add to cart,Save to list
$16.50,$2.17 / 100G,Sara Lee Baked Cheesecake Chocolate Ganache 760g,Add to cart,Save to list
$20.00,Sistema Nest It Meal Prep 1.9l x5,Add to cart,Save to list
$7.00,$6.25 / 100G,Springhill Farm Slice For Busy Bodies Vanilla 112g,Add to cart,Save to list
$3.50,$1.75 / 1EA,Woolworths Pain Raisin 2 Pack,3.5,/,283,Afternoon delivery & pick up,Add to cart,Save to list
SAVE $1.30,$3.50,$4.80 - $7.14 / 1L,Beanstalk Iced Coffee Latte 490ml,Add to cart,Save to list
$28.00,$5.60 / 100ML,Bondi Sands Spf50+ Fragrance Free Sunscreen Lotion 500ml,4.0,/,1,Add to cart,Save to list
$14.50,$13.18 / 100ML,Cancer Council Sensitive Sunscreen SPF50+ Tube 110mL,Add to cart,Save to list
SAVE $8.00,$29.00,$37.00 - $29.00 / 1KG,D'Orsogna Premium Ham Off The Bone Sliced From The Deli Per Kg,Add to cart,Save to list
$5.90,$2.15 / 100G,Fix & Fogg Smooth Peanut Butter Easy Squeeze 275g,Add to cart,Save to list
SAVE $1.80,$7.10,$8.90 - $1.42 / 100G,Fodmapped For You Roasted Pumpkin Spinach & Feta 500g,Add to cart,Save to list
SAVE $6.20,$9.30,$15.50,Sistema 1.48l Bento Create Lunch Box Each,Add to cart,Save to list
$12.10,$12.10 / 1EA,Sistema Klip It Plus Square 5.5l,Add to cart,Save to list
$5.50,$6.88 / 100G,Agogo Pumpkin Risotto 80g,Add to cart,Save to list
$5.70,$22.80 / 1KG,Philadelphia Original Cream Cheese Spread Tub 250g,Promoted,Add to cart,Save to list
$6.80,$9.07 / 1L,Sanitarium Up&Go Liquid Breakfast Vanilla Ice 3 Pack,Promoted,Add to cart,Save to list
$2.50,$5.00 / 100G,Gold Medal Snacks Single Pack Pork Krackles 50g,Promoted,Add to cart,Save to list
$5.45,$0.55 / 1EA,Balconi Trancetto Cocoa 10 Pack,Add to cart,Save to list
$13.75,$13.75 / 100G,Banana Boat Sport Sunscreen Lotion SPF50+ 100g,Add to cart,Save to list
$17.00,$34.00 / 100ML,Bondi Sands SPF 50+ Daily Face Moisteriser 50mL,Add to cart,Save to list
$3.60,$15.00 / 1L,Cafecino Premium Double Shot Espresso With Milk Coffee Drink 240mL,Add to cart,Save to list
$14.00,DESIGNS MAY VARY,Decor Junior Sip Kids Water Drink Bottle 500mL Assorted each,5.0,/,1,Add to cart,Save to list
$23.00,$23.00 / 100G,Ethical Zinc Daily Wear Light Sunsreen Spf50+ 100g,Add to cart,Save to list
$3.60,$7.20 / 1L,Dairy Farmers Classic Chocolate Milk 500ml,Promoted,Add to cart,Save to list
$4.00,$4.00 / 100G,Pop Box Mega Butter Microwave Popcorn 100g,Promoted,Add to cart,Save to list
$12.60,$8.40 / 1L,Sanitarium Up&Go Liquid Breakfast Vanilla Ice 6 Pack,Promoted,Add to cart,Save to list
$12.60,$8.40 / 1L,Sanitarium Up&Go Liquid Breakfast Strawberry 6 Pack,Promoted,Add to cart,Save to list
EVERYDAY LOW PRICE,$2.30,$4.60 / 1L,H2Juice Sparkling Passionfruit 500mL,Add to cart,Save to list
$23.00,$13.14 / 100G,Hawaiian Tropic Silk Hydration Sunscreen Spray SPF50+ 175g,Add to cart,Save to list
LOWER AUTUMN PRICE,$3.50,$35.00 / 1KG,RANGE WAS $4.50 - 25/02/2025,John West Salmon Fillet Chilli With Hint Of Zesty Lemon 100g,Add to cart,Save to list
$13.00,$18.57 / 100ML,Le Tan 50+ BB Tinted Cream Medium 70ml,Add to cart,Save to list
EVERYDAY LOW PRICE,$2.95,$7.87 / 1L,Lo Bros Not Soda Fizzy Drink Raspberry Zero Sugar 375mL,Add to cart,Save to list
$22.00,Sistema Nest It Container 5 Pack,Add to cart,Save to list
$7.00,$6.25 / 100G,Springhill Farm Slice For Busy Bodies Choc Oat 112g,Add to cart,Save to list
SAVE $4.80,$11.20,$16.00 - $5.60 / 100G,Banana Boat Dry Balance Sunscreen Lotion SPF50+ 200g,Add to cart,Save to list
$17.00,$22.67 / 100ML,Bondi Sands SPF50+ Sunscreen Lotion For Dry Skin 75mL,Add to cart,Save to list
$25.00,$6.25 / 100ML,Bondi Sands Sport Spf 50+ Sunscreen 400ml,Add to cart,Save to list
$24.00,$16.00 / 100ML,Cancer Council Ultra Sensitive Kids SPF50+ Sunscreen Lotion 150mL,Add to cart,Save to list
$17.00,DESIGNS MAY VARY,Decor Chugger XL Tritan Water Drink Bottle 2.2L Assorted each,Add to cart,Save to list
$17.00,DESIGNS MAY VARY,Decor Expandable Lunch Bag Cooler Assorted Each,5.0,/,2,Add to cart,Save to list
$14.60,Decor Fresh Seal Clips Container Set Oblong 1L x 3 pack,4.0,/,1,Add to cart,Save to list
$14.50,DESIGNS MAY VARY,Decor Go Triple Split Bento Lunch Box 1.4L Assorted each,2.6,/,5,Add to cart,Save to list
$6.20,DESIGNS MAY VARY,Decor Reusable Snack Bags Sealable 2 pack,Add to cart,Save to list
SAVE $1.75,$5.25,$7.00 - $4.20 / 100G,Food For Health Gluten Free Bars White Chocolate & Peanut 5 pack,Add to cart,Save to list
$36.00,$36.00 / 1KG,K R Castlemaine Mild Hungarian Salami Sliced PER KG,Add to cart,Save to list
$25.00,$50.00 / 100G,Little Urchin Natural Face Sunscreen SPF50 Clear Zinc 50g,Add to cart,Save to list
$12.00,$2.67 / 100G,Miguel Maestre Sticky Date Pudding 2 Pack,Add to cart,Save to list
$6.30,$6.30 / 1EA,Sistema Klip It Plus Lunch Container 1.15l,Add to cart,Save to list
$33.00,DESIGNS MAY VARY,B.Box Lunchbox Assorted Each,Add to cart,Save to list
$18.50,$37.00 / 100ML,Cancer Council Bb Cream Matte Medium Light Tint 50ml,Add to cart,Save to list
$29.00,$29.00 / 100ML,Invisible Zinc Sport Spf 50+ Mineral Sunscreen Cream 100g,Promoted,Add to cart,Save to list
$18.00,$21.18 / 100ML,Neutrogena Ultra Sheer Body Lotion Sunscreen Spf 50 85ml,Promoted,Add to cart,Save to list
SAVE $1.40,$5.30,$6.70 - $7.07 / 1L,Sustagen High Protein Nutrition Top-Up Strawberry Ready To Drink 250mL x 3 pack,Promoted,Add to cart,Save to list
$25.00,DESIGNS MAY VARY,Contigo Kids Aubrey Water Bottle Assorted each,Promoted,Add to cart,Save to list
$14.00,$12.73 / 100ML,Cancer Council Moisture Sunscreen Spf 50+ 110ml,Add to cart,Save to list
$23.00,$46.00 / 100ML,Cancer Council Spf 50+ Face Day Wear Hydrating Serum Sunscreen 50ml,Add to cart,Save to list
$16.00,$16.00 / 1KG,Chicken Roll Shaved PER KG,Add to cart,Save to list
$11.50,DESIGNS MAY VARY,Decor Quad Bands Tritan Water Drink Bottle 750mL Assorted each,Add to cart,Save to list
$8.20,$4.10 / 1EA,DESIGNS MAY VARY,Decor Reusable Lunch Bags Sealable 2 pack,Add to cart,Save to list
$10.50,Decor Reusable Stainless Steel Straws 4 pack,Add to cart,Save to list
$14.00,DESIGNS MAY VARY,Decor Snap n Seal Water Drink Bottle 600mL Assorted each,3.7,/,3,Add to cart,Save to list
$10.50,Decor Tellfresh Cereal Server 5l,Add to cart,Save to list
$14.00,Decor Tellfresh Container Set Oblong 3L x 2 pack,Add to cart,Save to list
$19.50,$19.50 / 1KG,Deli Leg Ham Sliced From The Deli Per Kg,Add to cart,Save to list
SAVE $0.90,$9.00,$9.90 - $1.80 / 100G,Hampson Honey Raw Honey Squeezy 500g,Add to cart,Save to list
$5.25,$7.00 / 1L,Ice Break Iced Coffee No Sugar Added Flavoured Milk 750mL,Add to cart,Save to list
$6.00,$1.00 / 100G,Macro Ancient Grain Loaf 600g,4.0,/,152,Add to cart,Save to list
SAVE $8.10,$18.90,$27.00 - $22.24 / 100ML,Neutrogena Hydro Boost Face Lotion Sunscreen Spf50 85ml,Add to cart,Save to list
SAVE $1.75,$1.75,$3.50 - $5.83 / 100G,Plantrition Wellbeing Bite Choc Fudge Brownie 30g,Add to cart,Save to list
EVERYDAY LOW PRICE,$8.00,$1.07 / 100G,Uno Penotti Hazelnut Spread 750g,Promoted,Add to cart,Save to list
SAVE $13.40,$20.10,$33.50,Sistema Double Walled Stainless Steel Water Drink Bottle 1L each,Promoted,Add to cart,Save to list
$5.50,$7.86 / 100G,Agogo Mushroom Risotto 70g,Add to cart,Save to list
$19.90,$9.95 / 100ML,Cancer Council Sunscreen Sensitive SPF50+ 200ml,Sold by Healthylife,Add to cart,Save to list
$3.95,$15.80 / 1L,Cor De Coco Vanilla Flavoured Latte Cold Brew 250mL,Add to cart,Save to list
$23.00,$23.00 / 1EA,DESIGNS MAY VARY,Decor Screw Top Double Wall Water Drink Bottle 500mL Assorted each,Add to cart,Save to list
$28.00,$14.00 / 100G,Hamilton Everyday Face Lotion SPF50+ Finish Sunscreen SPF50+ 200g,Add to cart,Save to list
$21.00,$21.00 / 1KG,Ingham's Chicken Breast Supreme Shaved PER KG,Add to cart,Save to list
$32.90,$32.90 / 1KG,Select Beef Pastrami Smoked & Shaved 1KG,Add to cart,Save to list
$144.99,Water Bottle with Spout Stainless Steel Insulated,Sold by Lifebay,Add to cart,Save to list
OUT OF STOCK,Zespri SunGold Kiwifruit Each,View similar,products,             to Zespri SunGold Kiwifruit Each,Save to list
SAVE $1.50,$3.00,$4.50 - $3.00 / 100G,Arnotts Lightly Toasted Crackers Cranberry & Almond 100g,Add to cart,Save to list
$20.00,$20.00 / 100G,Banana Boat Baby Zinc Sunscreen Lotion SPF50+ 100g,Add to cart,Save to list
$20.00,$40.00 / 100ML,Banana Boat Ultra Light Face Fluid Sunscreen Lotion SPF50+ 50mL,Add to cart,Save to list
$21.00,$8.40 / 100ML,Cancer Council Ultra Sunscreen SPF50+ Tube 250mL,Add to cart,Save to list
$7.00,$1.94 / 100G,Coco Earth Smoky Charcoal Chicken With Rice 360g,4.5,/,2,Add to cart,Save to list
$19.00,$10.56 / 100ML,Hawaiian Tropic Island Sport Sunscreen Lotion SPF50+ 180mL,Add to cart,Save to list
$15.00,DESIGNS MAY VARY,Hot Topic Kids Vector Water Drink Bottle 577mL Assorted each,Add to cart,Save to list
$69.95,OmieBox Hot & Cold Bento Box Purple Plum,5.0,/,1,Sold by MyDeal,Add to cart,Save to list
$74.95,OmieBox Up Hot & Cold Bento Box Galaxy Purple,Sold by MyDeal,Add to cart,Save to list
$28.00,$9.33 / 100ML,Nivea Sun Ultra Sport Cooling Sunscreen Trigger Spray Spf50+ 300ml,Promoted,Add to cart,Save to list
SAVE $1.00,$3.50,$4.50 - $2.80 / 100G,Obela Hi Protein Hommus To Go 125g,Promoted,Add to cart,Save to list
$22.00,$20.00 / 100G,Surf Life Saving Sheer Liquid Zinc Sunscreen SPF50 Medium Tint 110g,Add to cart,Save to list
$14.00,$2.55 / 100G,Woolworths Chocolate Chunk Cookie Pie 550g,4.4,/,511,Afternoon delivery & pick up,Add to cart,Save to list
$17.99,$11.99 / 100ML,Bondi Sands Hydra SPF50 Body Lotion 150ml,Sold by Healthylife,Add to cart,Save to list
$19.90,$39.80 / 100ML,Bondi Sands Hydra SPF50 Face Lotion 50ml,Sold by Healthylife,Add to cart,Save to list
$17.00,$22.67 / 100ML,Bondi Sands Spf50+ Face Lotion 75ml,4.3,/,9,Add to cart,Save to list
$3.60,$15.00 / 1L,Cafecino Iced Latte 240mL,Add to cart,Save to list
$20.00,$13.33 / 100ML,Cancer Council Face & Body Moisturiser Day Wear Spf 50+ 150ml,Add to cart,Save to list
$30.50,$6.10 / 100ML,Cancer Council Ultra Sunscreen Spf50+ 500ml,Add to cart,Save to list
$8.50,$2.13 / 1EA,DESIGNS MAY VARY,Decor Go Reusable Cutlery Set Assorted 4 Pack,Add to cart,Save to list
$12.20,Decor Reusable Storage Bag Medium Stand Up 2 Litres 2 Pack,Add to cart,Save to list
$19.00,$19.00 / 100G,Dermaveen Sensitive Sun SPF 50+ Face & Body Cream 100g,Add to cart,Save to list
$25.00,$50.00 / 100G,Ethical Zinc Natural Clear Zinc Sunscreen Stick SPF50 50g,Sold by Healthylife,Add to cart,Save to list
$38.00,$38.00 / 1KG,Gotzinger Provincial Ham Sliced From The Deli Per kg,Add to cart,Save to list
$38.00,$38.00 / 1KG,Ham Off The Bone Double Smoked Shaved Per kg,Add to cart,Save to list
$38.00,$38.00 / 1KG,Ham Off The Bone Double Smoked Sliced Per kg,Add to cart,Save to list
$20.00,$8.00 / 100ML,Hamilton Active Family Sunscreen Lotion SPF50+ 250mL,Add to cart,Save to list
$9.20,$2.04 / 100G,Hampson Honey Raw Honey Jar 450g,Add to cart,Save to list
$22.00,$44.00 / 100ML,Hawaiian Tropic Face Fluid Sunscreen SPF50+ 50mL,Add to cart,Save to list
SAVE $1.00,$3.50,$4.50 - $2.80 / 100G,Obela Hi-Protein To Go Jalapeno Hommus 125g,Promoted,Add to cart,Save to list
$5.50,$14.67 / 1L,The Man Shake Fuel Chocolate Health Shake 375mL,Promoted,Add to cart,Save to list
$9.50,$3.80 / 100G,Egmont Honey Manuka Honey MGO 30+ 250g,Promoted,Add to cart,Save to list
$12.55,$16.73 / 100ML,Cancer Council Sunscreen Ultra SPF50+ Roll-On 75ml,Sold by Healthylife,Add to cart,Save to list
$23.00,$46.00 / 100ML,Cancer Council Vitamin C Fluid SPF50+ Matte Finish 50mL,Add to cart,Save to list
$25.00,DESIGNS MAY VARY,Contigo Kids Aubrey Water Bottle Assorted each,Add to cart,Save to list
$19.00,DESIGNS MAY VARY,Decor Snap n Seal Water Drink Bottle 400mL Assorted each,Add to cart,Save to list
$36.49,$5.21 / 100ML,Enviro Products Alkaline Water Bottle with Stainless Steel Wand 700ml,Sold by Healthylife,Add to cart,Save to list
$17.00,$1.70 / 100G,Hampson Honey Raw Honey Tub 1kg,Add to cart,Save to list
$16.50,$2.36 / 100G,Hum Honey Pure Raw Honey 700g,Add to cart,Save to list
$18.00,$90.00 / 100G,Little Urchin Natural Zinc Stick Medium Tint SPF50+ 20g,Sold by Healthylife,Add to cart,Save to list
EVERYDAY LOW PRICE,$2.95,$7.87 / 1L,Lo Bros Not Soda Fizzy Drink Grapefruit Zero Sugar 375mL,Add to cart,Save to list
$6.50,Mint Clip Lock Food Storage Container 880ml each,5.0,/,2,Add to cart,Save to list
$20.00,$14.29 / 100G,Neutrogena Ultra Sheer Body Mist Spf 50 Sunscreen 140g,Add to cart,Save to list
$28.00,$7.00 / 100ML,Nivea Sun Protect & Moisture Lock Spf50+ Sunscreen 400ml,Add to cart,Save to list
$10.00,$10.00 / 1EA,Sistema Klip It Plus Rectangle 3.35l,Add to cart,Save to list
$19.00,$63.33 / 100G,Surf Life Saving Natural Mineral Sheer Liquid Zinc Face Sunscreen SPF50 30g,Add to cart,Save to list
OUT OF STOCK,Woolworths Mexican Style 3 Bean Mix 420g,Add to cart,Save to list
$20.95,$20.95 / 100G,Wotnot Natural Sunscreen for Babies SPF30 100g,Sold by Healthylife,Add to cart,Save to list
$42.30,2x Annabel Trends Watermate 950ml Stainless Steel Water Bottle Tumbler Mint,Sold by KG Superstore,Add to cart,Save to list
$36.00,Ashdene Australian Birds Penguins 500ml/24.5cm Drink Bottle Stainless Steel,Sold by KG Superstore,Add to cart,Save to list
$33.00,DESIGNS MAY VARY,Contigo Ashland 946ml Water Bottle Assorted each,Promoted,Add to cart,Save to list
$23.50,$11.75 / 100ML,Nivea Sun Ultra Sport Cooling Spf50+ Sunscreen Spray 200ml,Promoted,Add to cart,Save to list
$6.00,$4.00 / 100G,The Happy Snack Company Kids Fava Beans Pizza 10 Pack,4.2,/,9, Promoted,Add to cart,Save to list
$32.00,Smash Double Wall Mega Tumbler 1.2l Each,Add to cart,Save to list
$16.00,Smash Large Light Lunch Bag - Assorted*,Sold by BIG W,Add to cart,Save to list
$6.00,$4.00 / 100G,The Happy Snack Company Roasted Fava Beans Sea Salt And Balsamic Vinegar 6 Pack,4.8,/,36, Promoted,Add to cart,Save to list
$6.00,$4.00 / 100G,The Happy Snack Company Roasted Chickpeas Lightly Salted 6 Pack,4.5,/,37, Promoted,Add to cart,Save to list
$6.00,$4.00 / 100G,The Happy Snack Company Roasted Chickpeas Lime And Cracked Pepper 6 Pack,4.6,/,20, Promoted,Add to cart,Save to list
$6.00,$4.00 / 100G,The Happy Snack Company Roasted Fava Beans Smoky Bbq 6 Pack,Promoted,Add to cart,Save to list
$39.95,SodaStream Fuse 1L Twin Pack Bottles - Black,Sold by Value Village,Add to cart,Save to list
$22.00,$20.00 / 100G,Surf Life Saving Natural Mineral Face Sheer Liquid Zinc Sunscreen Spf50 110g,Add to cart,Save to list
$45.90,"Triangle Sandwich Container Reusable, Washable Sandwich Box for Lunch",Sold by Splendid Home and Living,Add to cart,Save to list
$59.95,10x Round Salad Bowls Food Compartment Reusable Meal Prep Containers Storage,Sold by Acos Ecommerce Group,Add to cart,Save to list
$47.99,"12 Pack Silicone Baby Food Storage Containers, 120 ml Reusable Small Snack Containers Freezer Storage with Airtight Lids Leak Proof for Infants Kids Babies, Microwave & Dishwasher Safe",Sold by KHM Importing,Add to cart,Save to list
$9.99,1PCE Thermal Bags With Snap Lock Handle Hot/Cold Reusable 49cm,Sold by deal365,Add to cart,Save to list
$55.80,2PK Aquarius Tin Carry All Shrek Fun Box Food Storage Lunchbox w/Handle Square,Sold by KG Superstore,Add to cart,Save to list
$18.99,350ml Stainless Steel Water Bottle Hot Water Bottle Single Wall Leak Proof Camping Sport,Sold by Digitel,Add to cart,Save to list
$76.95,36 x Glass Milk Juice Bottle Containers Yogurt Candy MilkShake Bottle 17.5x6.5cm,Sold by WAHA IMPORTS,Add to cart,Save to list
$31.00,3pc Rex London Kids Plastic Snack/Lunch Box Square Set Colourful Creatures,Sold by KG Superstore,Add to cart,Save to list
$29.00,3pc Rex London Kids Plastic Snack/Lunch Box Storage Square Set Sausage Dog,Sold by KG Superstore,Add to cart,Save to list
$45.99,"4pcs Glass Cups with Lids and Straws - 16 oz Glass Cups with Bamboo Lids, Iced Coffee Cup, Drinking Glasses, Clear Glass Cups- 2 Cleaning Brushes",Sold by KHM Importing,Add to cart,Save to list
$19.00,4x Appetito 21.5cm Reusable Snack Nuts/Food Veggie Fruit Seal Zip Lock Bag,Sold by KG Superstore,Add to cart,Save to list
$39.00,4x Gibson Gifts Lemon Grove Insulated Food Lunch Bag Carry Storage w/ Handle,Sold by KG Superstore,Add to cart,Save to list
$19.95,4x Lewis N. Clark Compression Bag Clothes Seal Storage Bags Space Saver Travel,Sold by Boutique Retailer,Add to cart,Save to list
$29.00,5pc Innovative Living Salad Bowl Container/Lid/Topping Tray/Fork/Holds Dressing,Sold by KG Superstore,Add to cart,Save to list
$13.99,600ML water bottle outdoor sports PE water bottle cycling water cup,Sold by deal365,Add to cart,Save to list
$10.99,"64oz Large Motivational Water Bottle with Straw Time Marker BPA Free for Sport and Fitness (Pink Blue, 64 Oz / Half Gallon)",Sold by deal365,Add to cart,Save to list
$48.60,Annabel Trends Polyester Picnic Lunch Bag Outdoor Travel Backpack Shelly Beach,Sold by KG Superstore,Add to cart,Save to list
$49.56,$82.60 / 100ML,Antipodes Supernatural SPF50+ Ceramide Silk Facial Sunscreen 60ml,Sold by Healthylife,Add to cart,Save to list
$35.00,Aquarius 22cm Care Bears Tin Fun Box w/ Handle Lunchbox Storage Kids Carry Case,Sold by KG Superstore,Add to cart,Save to list
SAVE $2.52,$3.78,$6.30,Sistema Plasticware Snack To Go Each,Promoted,Add to cart,Save to list
$6.20,$7.38 / 100G,Table Of Plenty Mini Rice Cakes Milk Chocolate Snack Packs 6 pack,Promoted,Add to cart,Save to list
$3.30,$3.14 / 100G,Sunbites Sea Salt Snack Crackers With Quinoa Share Pack 105g,4.7,/,55, Promoted,Add to cart,Save to list
SAVE $1.30,$4.70,$6.00 - $3.09 / 100G,Nature Valley Salted Caramel Protein Bars 4 pack,Promoted,Add to cart,Save to list
$29.00,Ashdene Dino Land Kids Melamine Silicone Wrap Band Lunch Prep Food Storage Box,Sold by KG Superstore,Add to cart,Save to list
$31.95,Ashdene Rose Delight Eco Friendly Reusable 500ml Drink Bottle Stainless Steel,Sold by KG Superstore,Add to cart,Save to list
$37.66,$75.32 / 100ML,Avocado Zinc Natural Tinted Moisturiser Light - Medium SPF50 50ml,Sold by Healthylife,Add to cart,Save to list
$37.66,$75.32 / 100ML,Avocado Zinc Natural Tinted Moisturiser Light SPF50 50ml,Sold by Healthylife,Add to cart,Save to list
$28.00,$7.00 / 100G,Banana Boat Moisturising SPF50+ Sunscreen Lotion 400g,Add to cart,Save to list
$15.89,Beer Snorkel Bong Bucks Hens House Entertainment Party Funnel Drink Snorkel,Sold by Costcom Australia,Add to cart,Save to list
$49.14,Bentgo Kids Lunch Box With Compartment Bento-Style Container Leak-Proof Dinosaur,Sold by Acos Ecommerce Group,Add to cart,Save to list
$46.45,Bentgo Kids Lunch Box With Compartment Bento-Style Container Leak-Proof Green,Sold by Acos Ecommerce Group,Add to cart,Save to list
$43.90,Bentgo Kids' Bento Lunch Box - UNICORNS,Sold by Acos Ecommerce Group,Add to cart,Save to list
$35.90,Bentgo Salad All In One Salad Container Grey,Sold by Acos Ecommerce Group,Add to cart,Save to list
$43.05,Bento Box Lunch Containers Food Microwave Stainless Portable Dinnerware Pink,Sold by Acos Ecommerce Group,Add to cart,Save to list
$35.99,"Bento Lunch Box for Kids Children with Spoon & Fork Food Storage Box,Food Storage Box BPA-Free and Food-Safe Materials (Green)",Sold by KHM Importing,Add to cart,Save to list
$73.99,"Bentoheaven Insulated Lunch Bag for Kids, Girls & Boys - Large Size Fits Bento Lunch Box, Water Bottle & Snacks - Durable, Easy to Clean, Leakproof - Adjustable Shoulder Strap, Zipper Pockets",Sold by KHM Importing,Add to cart,Save to list
$16.00,Bluey Slimline Lunch Bag,Sold by BIG W,Add to cart,Save to list
$3.95,$7.90 / 1L,Breaka Cookies&Cream Flavoured Milk 500mL,Add to cart,Save to list
NEW,$22.50,$3.21 / 100G,Buonissimo Tiramisu Bowl 700g,Add to cart,Save to list
$25.95,Camelbak Eddy+ .6L Water Bottle - Charcoal,Sold by Wild Earth,Add to cart,Save to list
$32.50,Camelbak Eddy+ Tritan Renew .75L Drink Water Bottle - Oxford,Sold by Knives Online,Add to cart,Save to list
$39.98,Catzon Insulated Lunch Bags Large Tote Adult Lunch Box with Shoulder Strap Side Pockets Blue,5.0,/,1,Sold by Catzon,Add to cart,Save to list
$26.20,$17.47 / 100ML,Cetaphil Sun Kids Liposomal Lotion SPF50+ 150ml,Sold by Healthylife,Add to cart,Save to list
$28.95,Compartment Lunch Box Portable Plastic Tableware Microwaveable Sealed Lunch Box,Sold by Edragon Australia,Add to cart,Save to list
$39.95,Contigo Ashland 2.0 Autospout 709ml Plastic Water Bottle Container Dragon Fruit,Sold by KG Superstore,Add to cart,Save to list
$33.00,DESIGNS MAY VARY,Contigo Ashland 946ml Water Bottle Assorted each,Add to cart,Save to list
EVERYDAY LOW PRICE,$10.00,$1.98 / 100G,Nature Valley Crunchy Family Variety Granola Bars 42g x 12 pack,Promoted,Add to cart,Save to list
SAVE $1.30,$4.70,$6.00 - $3.09 / 100G,Nature Valley Peanut & Chocolate Protein Bars 4 pack,Promoted,Add to cart,Save to list
$6.00,$4.00 / 100G,The Happy Snack Company Roasted Fava Beans Red Pepper & Chilli 6 Pack,4.8,/,18, Promoted,Add to cart,Save to list
$3.70,$3.70 / 1EA,Sistema Klip It Plus Rectangle 400ml,5.0,/,1, Promoted,Add to cart,Save to list
$62.10,Contigo West Loop Autoseal 473ml Stainless Steel Mug Travel Cup Midnight Berry,Sold by KG Superstore,Add to cart,Save to list
$142.99,Cooler Lunch Bag Waterproof Thermal Insulated,Sold by Lifebay,Add to cart,Save to list
$33.50,DESIGNS MAY VARY,Decor Adventurer Double Wall Water Drink Bottle 1.2L Assorted each,3.9,/,15,Add to cart,Save to list
$26.00,Decor Design Your Own Bento Box Compartment Lunch Box Each,Add to cart,Save to list
$28.00,DESIGNS MAY VARY,Decor Flip Active Double Wall Water Drink Bottle 750mL Assorted each,Add to cart,Save to list
$14.50,DESIGNS MAY VARY,Decor FlipSeal Stainless Steel Water Drink Bottle 750mL Assorted each,2.7,/,10,Add to cart,Save to list
$16.50,$16.50 / 1EA,Decor Fresh Seal Containers 3 Litre 2 Pack,Add to cart,Save to list
EST. RESTOCK 06/04/25,Decor Hydro Stainless Steel Water Drink Bottle 750mL Assorted each,3.0,/,2,Add to cart,Save to list
$38.00,DESIGNS MAY VARY,Decor Insulated Double Wall Travel Tumbler 880mL Assorted each,Add to cart,Save to list
$38.00,DESIGNS MAY VARY,Decor Insulated Double Wall Travel Tumbler 900mL Assorted each,Add to cart,Save to list
$22.00,DESIGNS MAY VARY,Decor Reusable 2 In 1 Tritan Tumbler 700mL Assorted each,Add to cart,Save to list
$10.20,Decor Reusable Food Bags Sealable 2 pack,Add to cart,Save to list
$15.00,DESIGNS MAY VARY,Decor Reusable Sip Tritan Tumbler Design Your Own 500mL each,Add to cart,Save to list
$15.00,DESIGNS MAY VARY,Decor Thirst XL Tritan Water Drink Bottle 1.5L Assorted each,Add to cart,Save to list
$55.00,DESIGNS MAY VARY,Decor XXL Insulated Stainless Steel Water Drink Bottle 2L Assorted each,Add to cart,Save to list
$30.00,$12.00 / 100ML,Dermaveen Spf 50+ Sensitive Sun Sunscreen 250g,Add to cart,Save to list
$26.95,Disney Lilo and Stitch Metal Water Bottle,Sold by The Gamesmen,Add to cart,Save to list
$46.99,"Enstphjoy Bento Adult Lunch Box- 4 Pack, 5 Compartment Meal Prep Container for Kids, Reusable Food Storage Snack Containers Stackable School, Work, and Travel",Sold by KHM Importing,Add to cart,Save to list
$12.60,$8.40 / 1L,Sanitarium Up&Go Liquid Breakfast Choc Ice 6 Pack,Promoted,Add to cart,Save to list
$21.95,Joie MSC Bottle Brush Pack 2,Sold by PurpleSpoilz,Add to cart,Save to list
$29.95,Lazy Dayz Daily Drink Bottle 500ml - Pink Blue Ombre,2.0,/,1,Sold by Living Today,Add to cart,Save to list
$12.55,$17.93 / 100ML,Le Tan SPF50+ BB Cream Medium Tint 70ml,Sold by Healthylife,Add to cart,Save to list
$25.95,Leak Proof Collapsible Water Bottle with Carabiner Silicone Travel Water Bottle,Sold by Edragon Australia,Add to cart,Save to list
$39.00,Locknlock 1.5L To-Go 3-Compratment Airtight Bento Box Lunchbox Food Storage Pink,Sold by KG Superstore,Add to cart,Save to list
$31.95,Melii Luxe 12 Compartment Snackle Box Ivory,Sold by PurpleSpoilz,Add to cart,Save to list
$14.95,Multix Greener Degradable Snack Bags Resealable 16cm x 10cm - 1 Pack of 35 Bags,Sold by Boutique Retailer,Add to cart,Save to list
$22.52,$11.26 / 100ML,Natural Instinct Clean Sunscreen Body SPF50 200ml,Sold by Healthylife,Add to cart,Save to list
$17.80,$20.94 / 100ML,Neutrogena Ultra Sheer Body Lotion Sunscreen SPF50 85ml,Sold by Healthylife,Add to cart,Save to list
$18.00,$21.18 / 100ML,Neutrogena Ultra Sheer Body Lotion Sunscreen Spf 50 85ml,Add to cart,Save to list
$47.28,Nevenka Hydrogen Water Bottle Generator with SPE PEM Technology Improve Water in 3 Minutes for Home Office and Travel-Black,Sold by Y Warehouse Pty Ltd,Add to cart,Save to list
$36.90,Newcastle Knights NRL Insulated School Lunch Box dome Cooler BAG,Sold by NPC Amusements,Add to cart,Save to list
$21.50,$10.75 / 100ML,Nivea Sun Protect & Moisture Lock Spf50+ Sunscreen 200ml,Add to cart,Save to list
$28.00,$9.33 / 100ML,Nivea Sun Protect & Moisture Lock Spf50+ Sunscreen Spray 300ml,Add to cart,Save to list
SAVE $7.20,$10.80,$18.00 - $21.60 / 100ML,Nivea Sun Uv Face Sensitive Protect Spf50 50ml,Add to cart,Save to list
$44.00,Nordic Kids Rune 16.5cm Bento Box Food Lunch Container w/ Silicone Lid Musk,Sold by KG Superstore,Add to cart,Save to list
$46.60,Oasis 1.9L Double Walled Insulated Titan Drink Bottle - Turquoise,Sold by Acos Ecommerce Group,Add to cart,Save to list
$43.95,Oasis Capri Stainless Steel Ceramic Lined Insulated Drink Bottle 1L - Latte,Sold by PurpleSpoilz,Add to cart,Save to list
$20.27,Oasis Tritan Sports Bottle with Sipper and Straw 800ml - Carbon Black,Sold by PurpleSpoilz,Add to cart,Save to list
$6.20,$7.38 / 100G,Table Of Plenty Mini Rice Cakes Dark Chocolate Snack Packs 6 pack,Promoted,Add to cart,Save to list
SAVE $1.40,$5.30,$6.70 - $7.07 / 1L,Sustagen High Protein Nutrition Top-Up Vanilla Flavour Ready To Drink 250mL x 3 pack,Promoted,Add to cart,Save to list
SAVE $2.20,$4.70,$6.90 - $1.87 / 100G,Nature Valley Crunchy Oats & Honey Granola Bars 42g x 6 pack,Promoted,Add to cart,Save to list
$8.40,$8.40 / 1EA,Sistema Klip It Plus Rectangle 2.2l,1.0,/,1, Promoted,Add to cart,Save to list
$29.95,Paladone Hello Kitty Metal Water Bottle,Sold by The Gamesmen,Add to cart,Save to list
$16.91,$67.64 / 100G,People4Ocean Zinc Stick Tinted Light Spf 50+ 25g,Sold by Healthylife,Add to cart,Save to list
$53.10,Philips Go Zero 680ml Daily Straw Filtration Water/Drinking/Hydrate Bottle Pink,4.0,/,8,Sold by KG Superstore,Add to cart,Save to list
SAVE $1.75,$1.75,$3.50 - $5.83 / 100G,Plantrition Wellbeing Bite Peanut Butter Banana Flavour 30g,Add to cart,Save to list
OUT OF STOCK,Pomlife Pomegranate Arils Punnet 75g,Add to cart,Save to list
$22.00,$22.00 / 1KG,Primo Berliner Fleischwurst 1kg,Add to cart,Save to list
OUT OF STOCK,Remedy Switchel Pineapple 750ml,View similar,products,             to Remedy Switchel Pineapple 750ml,Save to list
$35.95,Sachi Explorer Insulated Lunch Bag Navy,Sold by Acos Ecommerce Group,Add to cart,Save to list
$29.99,Sistema Ocean Bound Plastic Bento Box Cube - 1.25L Square Lunch Box with Yoghurt/Fruit Pot - BPA-Free Made Using Recycled Plastic - Teal OR Blue (Colour Not Selectable) - 1 Count,Sold by KHM Importing,Add to cart,Save to list
$28.00,DESIGNS MAY VARY,Smash Blue Icon Double Wall Coffee Cup Assorted 350ml,Add to cart,Save to list
$25.99,"Smash Insulated Lunch Bag, Black",Sold by KHM Importing,Add to cart,Save to list
$24.00,Smash Leak Proof Double Wall Stainless Steel Bowl 600ml Each,Add to cart,Save to list
$53.99,"Smash Microwave Safe Stainless Steel Bento Lunch Box, 3 Compartments, Blue, 1200ml",Sold by KHM Importing,Add to cart,Save to list
$14.00,Smash Ombre Sipper Drink Bottle 750mL - Assorted*,Sold by BIG W,Add to cart,Save to list
$29.99,Snack Box 8 Compartment with Airtight Lid & Handle,Sold by Brawbuy,Add to cart,Save to list
$109.95,SodaStream Bottle Fizz & GO Portable Travel Cool All Metal Sand Beige 900ml 2 Pack,Sold by SuperOffice,Add to cart,Save to list
$13.95,Squishmallows Cottage Collection Breaker and Straw,Sold by The Gamesmen,Add to cart,Save to list
$12.95,Squishmallows Cottage Collection Water Bottle,Sold by The Gamesmen,Add to cart,Save to list
SAVE $1.50,$3.50,$5.00 - $1.75 / 100G,Arnotts Shapes Multipack Cracker Biscuits Barbecue 8 pack,Promoted,Add to cart,Save to list
$4.00,$4.00 / 100G,Pop Box Mega Butter Microwave Popcorn 100g,Promoted,Add to cart,Save to list
$12.60,$8.40 / 1L,Sanitarium Up&Go Liquid Breakfast Banana 6 Pack,5.0,/,1, Promoted,Add to cart,Save to list
$42.30,Stasher Silicone Reusable 532ml/18cm Go Bag Travel Storage Pouch w/ Clip Black,Sold by KG Superstore,Add to cart,Save to list
$24.95,$35.64 / 100G,SunButter Surf Zinc Sunscreen SPF50 70g,Sold by Healthylife,Add to cart,Save to list
$31.45,$31.45 / 100G,SunButter Tinted Reef Safe Face Sunscreen SPF50 100g,Sold by Healthylife,Add to cart,Save to list
$29.35,$29.35 / 100G,SunButter Water Resistant Reef Safe Sunscreen SPF50 100g,Sold by Healthylife,Add to cart,Save to list
OUT OF STOCK,Sungold Kiwifruit Punnet 500g,View similar,products,             to Sungold Kiwifruit Punnet 500g,Save to list
EVERYDAY LOW PRICE,$29.00,$2.90 / 100ML,Surf Life Saving Spf50+ Daily Sunscreen 1l,Add to cart,Save to list
SAVE $8.10,$18.90,$27.00 - $47.25 / 100ML,Neutrogena Ultra Sheer Fluid Facial Sunscreen Spf50 40ml,Promoted,Add to cart,Save to list
$2.50,$5.00 / 100G,Gold Medal Snacks Single Pack Pork Krackles 50g,Promoted,Add to cart,Save to list
$6.80,$9.07 / 1L,Sanitarium Up&Go Liquid Breakfast Vanilla Ice 3 Pack,Promoted,Add to cart,Save to list
$15.00,$23.08 / 100ML,Nivea Sun Kids Protect & Play Spf50 Roll-On Sunscreen 65ml,Promoted,Add to cart,Save to list
OUT OF STOCK,The Odd Bunch Apple Prepacked 2kg,View similar,products,             to The Odd Bunch Apple Prepacked 2kg,Save to list
SAVE $3.75,$21.25,$25.00 - $5.31 / 1EA,DESIGNS MAY VARY,Think Eco Beeswax Food Wraps Assorted 4 Pack,Add to cart,Save to list
$16.95,$8.48 / 1EA,Think Eco Beeswax Food Wraps Medium 2 Pack,Add to cart,Save to list
$14.95,Traverse Folding Water Bottle - 600ml,Sold by Wild Earth,Add to cart,Save to list
$35.99,"Water Bottles 1000ml With Flip-top Filter Hydration In Tritan Ensure Daily Drink Enough Water For Fitness And Outdoor Enthusiasts And Gym And Outdoor Sports,Drink Bottle Blue",Sold by KHM Importing,Add to cart,Save to list
$39.00,Wiltshire Insulated Wide Stainless Steel Drinking Water Bottle Blue 500ml,Sold by KG Superstore,Add to cart,Save to list
OUT OF STOCK,Woolworths Carrot Cake Cheesecake 900g,4.1,/,28,Add to cart,Save to list
$27.00,$27.00 / 1KG,Woolworths Corned Beef Shaved Per Kg,Add to cart,Save to list
$31.45,$52.42 / 100G,Wotnot Face Sunscreen BB Cream + Mineral Makeup Nude SPF40 60g,Sold by Healthylife,Add to cart,Save to list
$28.30,$18.87 / 100G,Wotnot Natural Sunscreen SPF30 150g,Sold by Healthylife,Add to cart,Save to list
OUT OF STOCK,Zespri Kiwi Fruit Gold 8 Pack,Add to cart,Save to list
$29.95,1000ML Water Bottle Travel Insulated Carrier Bag Holder Neoprene,Sold by New Vivid,Add to cart,Save to list
$42.00,10x Large Stripe Bag Packing Storage Strip Zip Shopping Travel Check House Moving 50cm x 45cm x 25cm,Sold by Boutique Retailer,Add to cart,Save to list
$33.50,10x Large Stripe Bag Packing Storage Strip Zip Shopping Travel Check House Moving 55cm x 50cm x 30cm,Sold by Boutique Retailer,Add to cart,Save to list
$39.95,10x Large Stripe Bag Packing Storage Strip Zip Shopping Travel Check House Moving 60cm x 70cm x 30cm,Sold by Boutique Retailer,Add to cart,Save to list
$39.95,10x Large Stripe Bag Packing Storage Strip Zip Shopping Travel Check House Moving 65cm x 55cm x 30cm,Sold by Boutique Retailer,Add to cart,Save to list
$42.50,10x Large Stripe Bag Packing Storage Strip Zip Shopping Travel Check House Moving 80cm x 70cm x 30cm,Sold by Boutique Retailer,Add to cart,Save to list
$59.95,10x Plastic Food 2 Compartment Reusable Meal Prep Containers Storage Tray,Sold by Acos Ecommerce Group,Add to cart,Save to list
$12.60,$8.40 / 1L,Sanitarium Up&Go Liquid Breakfast Strawberry 6 Pack,Promoted,Add to cart,Save to list
SAVE $6.60,$15.40,$22.00 - $17.50 / 100ML,Neutrogena Ultra Sheer Face Lotion Sunscreen Spf 50 88ml,Promoted,Add to cart,Save to list
$29.00,$29.00 / 100ML,Invisible Zinc Sport Spf 50+ Mineral Sunscreen Cream 100g,Promoted,Add to cart,Save to list
$18.00,$21.18 / 100ML,Neutrogena Ultra Sheer Body Lotion Sunscreen Spf 50 85ml,Promoted,Add to cart,Save to list
$29.00,12pc Boxsweden 900ml Reusable 2D Food Storage Bags Zip Lock Container Clear,Sold by KG Superstore,Add to cart,Save to list
$67.50,12x Homeleisure 750ml Drink Sports Bottle Water Drinking Tumbler Assorted,Sold by KG Superstore,Add to cart,Save to list
$59.99,12x Large Stripe Bag Packing Storage Strip Zip Shopping Travel Check House Moving 78cm x 90cm x 25cm,Sold by Boutique Retailer,Add to cart,Save to list
$54.95,12x Large Stripe Bag Packing Storage Strip Zip Shopping Travel Check House Moving 90cm x 78cm x 25cm,Sold by Boutique Retailer,Add to cart,Save to list
$39.00,144pc Topchef Double Press & Seal Large Resealable Food Safe Storage Bag,Sold by KG Superstore,Add to cart,Save to list
$37.80,180pc Topchef Single Press & Seal Large Resealable Food Safe Storage Bag,Sold by KG Superstore,Add to cart,Save to list
$37.80,180pc Topchef Slide & Lock Medium Resealable Food Safe Storage Pouch Bag,Sold by KG Superstore,Add to cart,Save to list
$45.90,1L Glass Water Bottle BPA Free Sport Gym Drink Flask w/ Stainless Steel Strainer,Sold by Splendid Home and Living,Add to cart,Save to list
$25.60,1L Water Bottle Motivational Drink Flask Time Markings BPA Free Sport Gym BLUE,Sold by Acos Ecommerce Group,Add to cart,Save to list
$25.67,1L Water Bottle Motivational Drink Flask Time Markings BPA Free Sport Gym Grey,Sold by Acos Ecommerce Group,Add to cart,Save to list
$25.67,1L Water Bottle Motivational Drink Flask Time Markings Sport Gym Blue/Purple,Sold by Acos Ecommerce Group,Add to cart,Save to list
$25.67,1L Water Bottle Motivational Drink Flask Time Markings Sport Gym Green/Purple,Sold by Acos Ecommerce Group,Add to cart,Save to list
$25.67,1L Water Bottle Motivational Drink Flask Time Markings Sport Gym Pink/Blue,Sold by Acos Ecommerce Group,Add to cart,Save to list
$16.89,1L Water Bottle Motivational Drink Flask With Time Markings BPA Free Blue Purple,Sold by Costcom Australia,Add to cart,Save to list
$16.89,1L Water Bottle Motivational Drink Flask With Time Markings BPA Free Pink Blue,Sold by Costcom Australia,Add to cart,Save to list
$16.89,1L Water Bottle Motivational Drink Flask With Time Markings BPA Free Sport Gym,Sold by Costcom Australia,Add to cart,Save to list
$18.00,1x Large Stripe Bag Packing Storage Strip Zip Shopping Travel Check House Moving 90cm x 78cm x 25cm,Sold by Boutique Retailer,Add to cart,Save to list
$22.00,2 Foogo Replacement Mouthpieces & Straws for Childrens BS535 & BP535 Bottles 2,Sold by KG Superstore,Add to cart,Save to list
$38.00,216pc Topchef Double Press & Seal Medium Resealable Food Safe Storage Bag,Sold by KG Superstore,Add to cart,Save to list
$39.00,240pc SugarWrap Eco-Zipper Reusable Durable Food Bag Small Home Kitchen Storage,Sold by KG Superstore,Add to cart,Save to list
SAVE $13.40,$20.10,$33.50,Sistema Double Walled Stainless Steel Water Drink Bottle 1L each,Promoted,Add to cart,Save to list
EVERYDAY LOW PRICE,$8.00,$1.07 / 100G,Uno Penotti Hazelnut Spread 750g,Promoted,Add to cart,Save to list
$3.45,$138.00 / 1KG,Kooee Sticks Organic Beef Sea Salt 25g,Promoted,Add to cart,Save to list
SAVE $1.50,$3.50,$5.00 - $1.75 / 100G,Arnotts Shapes Multipack Cracker Biscuits Vegemite & Cheese 8 pack,5.0,/,1, Promoted,Add to cart,Save to list
$39.00,240pc Topchef Single Press & Seal Medium Resealable Food Safe Storage Bag,Sold by KG Superstore,Add to cart,Save to list
$21.99,2L Collapsible Water Bottles Leak Proof Sealing Ring Silicone Foldable Travel Water Bottle Black,Sold by deal365,Add to cart,Save to list
$17.99,2L Pink Motivational Water Bottle Large Capacity Sport Straw Time Fitness Jugs,Sold by deal365,Add to cart,Save to list
$21.99,2L folding silicone straw roll cup resistant outdoor camping sports water cup Blue,Sold by deal365,Add to cart,Save to list
$55.80,2PK Aquarius Tin Carry All Atari Fun Box Food Storage Lunchbox w/Handle Square,Sold by KG Superstore,Add to cart,Save to list
$55.80,2PK Aquarius Tin Carry All Axolotl Fun Box Food Storage Lunchbox w/Handle Sqr,Sold by KG Superstore,Add to cart,Save to list
$55.80,2PK Aquarius Tin Carry All Kiss Fun Box Food Storage Lunchbox w/Handle Square,Sold by KG Superstore,Add to cart,Save to list
$55.80,2PK Aquarius Tin Carry All M3GAN Tin Fun Box Food Storage Lunchbox w/Handle Sqr,Sold by KG Superstore,Add to cart,Save to list
$55.80,2PK Aquarius Tin Carry All Peanuts Beagle Scout Fun Box Lunchbox w/Handle Square,Sold by KG Superstore,Add to cart,Save to list
$39.00,2PK Boon Snug Baby/Kids Snack Container Food Silicone Lid w/ Cup Storage 9m+ PK,Sold by KG Superstore,Add to cart,Save to list
$53.10,2PK Crocodile Creek Robot Lunchbox/Carry Lunch Bag/Storage f/ Kids/Child Red/GRN,Sold by KG Superstore,Add to cart,Save to list
$32.00,2PK Good Banana Bento Box 19.5cm Food Storage Kids Lunch Meal Container Avocado,Sold by KG Superstore,Add to cart,Save to list
$33.00,2PK Plantec 500ml Nature Corn/PLA Eco Drink Bottle Recyclable BPA/Plastic Free,Sold by KG Superstore,Add to cart,Save to list
$58.50,2PK Porto Atlas Vacuumed Insulated Water Bottle Portable Flask 700ml Cloud,Sold by KG Superstore,Add to cart,Save to list
$58.50,2PK Porto Atlas Vacuumed Insulated Water Bottle Portable Flask 700ml Lilac,Sold by KG Superstore,Add to cart,Save to list
$58.50,2PK Porto Atlas Vacuumed Insulated Water Bottle Portable Travel Flask 700ml Mint,Sold by KG Superstore,Add to cart,Save to list
$58.50,2PK Porto Atlas Vacuumed Insulated Water Bottle Portable Travel Flask 700ml Pink,Sold by KG Superstore,Add to cart,Save to list
$39.95,2PK Wiltshire Reusable Leak-Proof Glass Drinking Water Bottle Cup Denim 600ml,Sold by KG Superstore,Add to cart,Save to list
$76.50,2pc Joseph & Joseph 340ml Travel Mug/Cup & 500ml Water Bottle Set Anthracite,Sold by KG Superstore,Add to cart,Save to list
$12.99,2pcs Gym Bottle Sport 700ml BPA Free Water Tea Drink Flask Infuser Handle,Sold by deal365,Add to cart,Save to list
SAVE $5.60,$8.40,$14.00,DESIGNS MAY VARY,Sistema ActiveTritan Bottle 800mL Assorted Each,4.3,/,6, Promoted,Add to cart,Save to list
$28.00,$7.00 / 100ML,Nivea Sun Protect & Moisture Lock Spf50+ Sunscreen 400ml,Promoted,Add to cart,Save to list
$21.50,$10.75 / 100ML,Nivea Sun Protect & Moisture Lock Spf50+ Sunscreen 200ml,Promoted,Add to cart,Save to list
$28.00,$9.33 / 100ML,Nivea Sun Protect & Moisture Lock Spf50+ Sunscreen Spray 300ml,Promoted,Add to cart,Save to list
$39.00,2x 2pc Full Circle 830ml Reusable Travel Leak-Proof Bag Food Storage Pouch Palms,Sold by KG Superstore,Add to cart,Save to list
$37.80,2x 3pc Rex London Kids Plastic Snack/Lunch Box Food Storage Square Set Sharks,Sold by KG Superstore,Add to cart,Save to list
$39.99,2x 3pc Rex London Kids Plastic Snack/Lunch Box Square Set Colourful Creatures,Sold by KG Superstore,Add to cart,Save to list
$37.80,2x 3pc Rex London Kids Plastic Snack/Lunch Box Square Set Fairies In The Garden,Sold by KG Superstore,Add to cart,Save to list
$37.80,2x 3pc Rex London Kids Plastic Snack/Lunch Box Storage Square Set Ladybird,Sold by KG Superstore,Add to cart,Save to list
$41.40,2x 3pc Rex London Kids Plastic Snack/Lunch Box Storage Square Set Sausage Dog,Sold by KG Superstore,Add to cart,Save to list
$37.80,2x 3pc Rex London Kids Plastic Snack/Lunch Box Storage Square Set Wild Wonders,Sold by KG Superstore,Add to cart,Save to list
$40.50,2x 5pc Innovative Living Salad Bowl Container/Lid/Topping Tray/Fork/Dressing,Sold by KG Superstore,Add to cart,Save to list
$29.00,2x 800ml Sucker Large Drinking Water/Juice Drinks Sports/Gym Bottle Straw Black,Sold by KG Superstore,Add to cart,Save to list
$71.10,2x Annabel Trends 30cm Neoprene Lunch Bag Outdoor Food Storage Lunchbox Zig Zag,Sold by KG Superstore,Add to cart,Save to list
$37.80,2x Annabel Trends 30cm Neoprene Lunch Bag Outdoor Food Storage Nocturnal Blooms,Sold by KG Superstore,Add to cart,Save to list
$37.80,2x Annabel Trends 30cm Neoprene Lunch Bag Outdoor Lunchbox Floral Puzzle Mustard,Sold by KG Superstore,Add to cart,Save to list
$37.80,2x Annabel Trends 30cm Neoprene Lunch Bag Outdoor/School Food Storage Hibiscus,Sold by KG Superstore,Add to cart,Save to list
$37.80,2x Annabel Trends 30cm Neoprene Lunch Bag Outdoor/School Lunchbox Camellias Mint,Sold by KG Superstore,Add to cart,Save to list
$37.80,2x Annabel Trends 30cm Neoprene Lunch Bag Outdoor/School Lunchbox Cobalt Check,Sold by KG Superstore,Add to cart,Save to list
$37.80,2x Annabel Trends 30cm Neoprene Lunch Bag Outdoor/School Storage Jungle Snake,Sold by KG Superstore,Add to cart,Save to list
$62.10,2x Annabel Trends Insulated Picnic Lunch Bag Outdoor Food Storage Shelly Beach,Sold by KG Superstore,Add to cart,Save to list
$62.10,2x Annabel Trends Insulated Picnic Lunch Carry Bag Outdoor Storage Tropicana,Sold by KG Superstore,Add to cart,Save to list
$28.00,$9.33 / 100ML,Nivea Sun Ultra Sport Cooling Sunscreen Trigger Spray Spf50+ 300ml,Promoted,Add to cart,Save to list
SAVE $1.00,$3.50,$4.50 - $2.80 / 100G,Obela Hi Protein Hommus To Go 125g,Promoted,Add to cart,Save to list
$5.50,$14.67 / 1L,The Man Shake Fuel High Protein Health Shake Iced Coffee 375mL,Promoted,Add to cart,Save to list
$33.00,DESIGNS MAY VARY,Contigo Ashland 946ml Water Bottle Assorted each,Promoted,Add to cart,Save to list
$89.10,2x Annabel Trends Polyester Picnic Bag Outdoor Travel Backpack Shelly Beach,Sold by KG Superstore,Add to cart,Save to list
$38.70,2x Annabel Trends Watermate 550ml Stainless Steel Drink Bottle Tumbler Pale Pink,Sold by KG Superstore,Add to cart,Save to list
$38.70,2x Annabel Trends Watermate 550ml Stainless Steel Water Bottle Tumbler Jade,Sold by KG Superstore,Add to cart,Save to list
$38.70,2x Annabel Trends Watermate 550ml Stainless Steel Water Bottle Tumbler Mint,Sold by KG Superstore,Add to cart,Save to list
$38.70,2x Annabel Trends Watermate 550ml Stainless Steel Water Bottle Tumbler Peach,Sold by KG Superstore,Add to cart,Save to list
$42.30,2x Annabel Trends Watermate 950ml Stainless Steel Drink Bottle Nocturnal Blooms,Sold by KG Superstore,Add to cart,Save to list
$23.50,$11.75 / 100ML,Nivea Sun Ultra Sport Cooling Spf50+ Sunscreen Spray 200ml,Promoted,Add to cart,Save to list
$5.50,$14.67 / 1L,The Man Shake Fuel Chocolate Health Shake 375mL,Promoted,Add to cart,Save to list
$2.70,$1.93 / 100G,Vitasoy Greek Style Soy Yogurt Hint Of Strawberry 140g,Promoted,Add to cart,Save to list
$9.50,$3.80 / 100G,Egmont Honey Manuka Honey MGO 30+ 250g,Promoted,Add to cart,Save to list
$42.30,2x Annabel Trends Watermate 950ml Stainless Steel Drink Bottle Sherbet Poppies,Sold by KG Superstore,Add to cart,Save to list
$42.30,2x Annabel Trends Watermate 950ml Stainless Steel Drink Water Bottle Gelato Pink,Sold by KG Superstore,Add to cart,Save to list
$42.30,2x Annabel Trends Watermate 950ml Stainless Steel Drink Water Bottle Navy Stripe,Sold by KG Superstore,Add to cart,Save to list
$42.30,2x Annabel Trends Watermate 950ml Stainless Steel Drink Water Bottle Pale Pink,Sold by KG Superstore,Add to cart,Save to list
$72.90,2x Annabel Trends Watermate 950ml Stainless Steel Water Bottle Abstract Gum,Sold by KG Superstore,Add to cart,Save to list
$72.90,2x Annabel Trends Watermate 950ml Stainless Steel Water Bottle Bright Stripe,Sold by KG Superstore,Add to cart,Save to list
$42.30,2x Annabel Trends Watermate 950ml Stainless Steel Water Bottle Cobalt Check,Sold by KG Superstore,Add to cart,Save to list
$42.30,2x Annabel Trends Watermate 950ml Stainless Steel Water Bottle Gelato Purple,Sold by KG Superstore,Add to cart,Save to list
$42.30,2x Annabel Trends Watermate 950ml Stainless Steel Water Bottle Tumbler Jade,Sold by KG Superstore,Add to cart,Save to list
$42.30,2x Annabel Trends Watermate 950ml Stainless Steel Water Bottle Tumbler Peach,5.0,/,1,Sold by KG Superstore,Add to cart,Save to list
$42.30,2x Annabel Trends Watermate 950ml Stainless Steel Water Bottle Yellow Stripe,Sold by KG Superstore,Add to cart,Save to list
$46.80,2x Cuisena Plastic Bunny Lunch Box Container Food Snacks Storage 21x18cm Pink,Sold by KG Superstore,Add to cart,Save to list
$46.80,2x Cuisena Plastic Ducky Lunch Box Container Snack Food Storage 16x13cm Yellow,Sold by KG Superstore,Add to cart,Save to list
$42.30,2x Cuisena Rectangular Bento Lunch Box Food Container w/ Utensils Cutlery Aqua,Sold by KG Superstore,Add to cart,Save to list
$42.30,2x Cuisena Rectangular Bento Lunch Box Food Container w/ Utensils Cutlery Pink,Sold by KG Superstore,Add to cart,Save to list
$25.00,2x Doozie 450ml Collapsible Camping Water Drink Bottle Gym/Sport/BPA Free Blue,Sold by KG Superstore,Add to cart,Save to list
$25.00,2x Doozie 450ml Collapsible Camping Water Drink Bottle Gym/Sport/BPA Free Red,Sold by KG Superstore,Add to cart,Save to list
$25.00,2x Doozie 450ml Collapsible/Camping Water/Drink Bottle Gym/Sport/BPA Free Green,Sold by KG Superstore,Add to cart,Save to list
$53.95,2x Good Vibes Durable Neoprene Portable Lunch Bag 30x30x15cm Retro Summer Print,Sold by KG Superstore,Add to cart,Save to list
$53.95,2x Good Vibes Durable Neoprene Portable Lunch Bag 30x30x15cm Sorrento Palm Print,Sold by KG Superstore,Add to cart,Save to list
$71.10,2x Good Vibes Insulated Durable Lunch Bag Satchel Blush Palm Print 25x22x16cm,Sold by KG Superstore,Add to cart,Save to list
$39.00,2x Melii Luxe 4 Compartment Snackle Box Food Safe Storage Snack Container Blue,Sold by KG Superstore,Add to cart,Save to list
$39.00,2x Melii Luxe 4 Compartment Snackle Box Food Safe Storage Snack Container Ivory,Sold by KG Superstore,Add to cart,Save to list
$39.00,2x Melii Luxe 4 Compartment Snackle Box Food Safe Storage Snack Container Pink,Sold by KG Superstore,Add to cart,Save to list
$39.00,2x Melii Luxe Silicone Water Bottle w/ Drinking Straw Beverage Container Blue,Sold by KG Superstore,Add to cart,Save to list
EVERYDAY LOW PRICE,$6.50,$1.73 / 100G,Arnotts Shapes Multipack Cracker Biscuits Variety 15 pack,Promoted,Add to cart,Save to list
SAVE $1.00,$3.00,$4.00 - $2.40 / 100G,Arnotts Cruskits Original Crispbreads 125g,Promoted,Add to cart,Save to list
EVERYDAY LOW PRICE,$6.50,$1.73 / 100G,Arnotts Tiny Teddy Variety Multipack Biscuits 15 Pack,Promoted,Add to cart,Save to list
$6.00,$4.00 / 100G,The Happy Snack Company Roasted Fava Beans Sea Salt And Balsamic Vinegar 6 Pack,4.8,/,36, Promoted,Add to cart,Save to list
$39.00,2x Melii Luxe Silicone Water Bottle w/ Drinking Straw Beverage Container Pink,Sold by KG Superstore,Add to cart,Save to list
$39.00,2x Melii Luxe Silicone Water Bottle w/ Drinking Straw Drink Container Ivory,Sold by KG Superstore,Add to cart,Save to list
$39.00,2x Munchkin Baby/Toddler Food Snack Catcher Dispenser 12m+ 13cm BPA Free Assort,Sold by KG Superstore,Add to cart,Save to list
$39.00,2x New York Cocktail Infusion Mixer Strawberry Daiquiri Bottle 112g Drinks,1.0,/,1,Sold by KG Superstore,Add to cart,Save to list
$33.00,2x Oasis 500ml Water Thermo Bottle/2 Wall/Stainless Steel/Cold/Hot/Drink Space,Sold by KG Superstore,Add to cart,Save to list
$49.50,2x Oasis Skinny Mini Pastel S/Steel Double Wall Drink Bottle 250ml Assorted,3.0,/,1,Sold by KG Superstore,Add to cart,Save to list
$39.00,2x Omie Efficient Cooling Ice Pack For 8650 Omieboxup Lunchbox Accessory White,Sold by KG Superstore,Add to cart,Save to list
$44.10,2x Progressive Prokeeper 19cm Silicone Dual Zipper Bag Food Storage Pouch White,Sold by KG Superstore,Add to cart,Save to list
$42.30,2x Rex London Kids Metal Tin Case Lunch Box w/ Handle 16.8x19cm Dinosaurs 3y+,Sold by KG Superstore,Add to cart,Save to list
$42.30,2x Rex London Kids Metal Tin Case Lunch Box w/ Handle Fairies In The Garden 3y+,Sold by KG Superstore,Add to cart,Save to list
$37.80,2x Rex London Kids/Children Plastic Food Lunch Box Rectangle 17x13cm Sharks,Sold by KG Superstore,Add to cart,Save to list
$37.80,2x Rex London Kids/Children Plastic Food Lunch Box Rectangle 17x13cm Space Age,Sold by KG Superstore,Add to cart,Save to list
$39.99,2x Rex London Kids/Children Plastic Lunch Box Rectangle 17cm Colour Creatures,Sold by KG Superstore,Add to cart,Save to list
$37.80,2x Rex London Kids/Children Plastic Lunch Box Rectangle 17cm Prehistoric Land,Sold by KG Superstore,Add to cart,Save to list
$37.80,2x Rex London Kids/Children Plastic Lunch Box Rectangle 17x13cm Best In Show,Sold by KG Superstore,Add to cart,Save to list
$40.50,2x Rex London Kids/Children Plastic Lunch Box Rectangle 17x13cm Sausage Dog,Sold by KG Superstore,Add to cart,Save to list
$37.80,2x Rex London Kids/Children Plastic Lunch Box Rectangle 17x13cm Wild Wonders,Sold by KG Superstore,Add to cart,Save to list
$47.70,2x Sachi Insulated 50L Reusable Shopping Cart Bag Storage w/ Carry Handle Black,Sold by KG Superstore,Add to cart,Save to list
$6.00,$3.00 / 100G,The Happy Snack Company Roasted Chickpeas Lightly Salted 200g,4.2,/,21, Promoted,Add to cart,Save to list
SAVE $1.00,$3.00,$4.00 - $1.20 / 100G,Arnotts Vita Weat 9 Grain Crispbreads 250g,Promoted,Add to cart,Save to list
$6.00,$4.00 / 100G,The Happy Snack Company Roasted Fava Beans Lightly Salted 6 Pack,4.8,/,22, Promoted,Add to cart,Save to list
$35.00,2x Sachi Junior 24cm Insulated Lunch Pouch Storage Bag w/ Carry Handle Camo Pink,Sold by KG Superstore,Add to cart,Save to list
$44.95,2x Wildtrak Expanda 550ml Silicone Water Bottle Drink Container w/Carabiner Asst,Sold by KG Superstore,Add to cart,Save to list
$39.00,2x Zefal Sense Soft 80 Bike Water Drink Bottle Outdoor Cycling Sports 800ml BLK,Sold by KG Superstore,Add to cart,Save to list
$30.50,3 Layer Bento Lunch Box Eco-Friendly Leakproof 900ml Food Container Beige,Sold by Acos Ecommerce Group,Add to cart,Save to list
$30.10,3 Layer Bento Lunch Box Eco-Friendly Leakproof 900ml Food Container Green,Sold by Acos Ecommerce Group,Add to cart,Save to list
$30.15,3 Layer Bento Lunch Box Eco-Friendly Leakproof 900ml Food Container Pink,Sold by Acos Ecommerce Group,Add to cart,Save to list
SAVE $2.52,$3.78,$6.30,Sistema Plasticware Snack To Go Each,Promoted,Add to cart,Save to list
$6.20,$7.38 / 100G,Table Of Plenty Mini Rice Cakes Milk Chocolate Snack Packs 6 pack,Promoted,Add to cart,Save to list
$3.30,$3.14 / 100G,Sunbites Sea Salt Snack Crackers With Quinoa Share Pack 105g,4.7,/,55, Promoted,Add to cart,Save to list
SAVE $1.30,$4.70,$6.00 - $3.09 / 100G,Nature Valley Salted Caramel Protein Bars 4 pack,Promoted,Add to cart,Save to list
$59.99,3 Packs of 4 Lewis N Clark Compression Bag Clothes Seal Storage Space Saver,Sold by Boutique Retailer,Add to cart,Save to list
$45.95,3 Pcs Foldable Silicone Food Storage Box Refrigerator Storage Sealed Storage Bag,Sold by Edragon Australia,Add to cart,Save to list
$39.95,3 Pcs Sandwiches Storage Box Portable Food Storage Box Sandwich Containers,Sold by Edragon Australia,Add to cart,Save to list
$16.99,32oz Space Bottle Single Layer PCTG Cup Fruit Brewing Water Bottles With Grid,Sold by deal365,Add to cart,Save to list
$65.95,36 x 220ml Mini Small Clear Glass Milk Juice Candy Soda Bottle Reuseable Round Jar,Sold by WAHA IMPORTS,Add to cart,Save to list
$78.30,3PK Crocodile Creek Robot Lunchbox/Carry Lunch Bag/Storage f/ Kids/Child Red/GRN,Sold by KG Superstore,Add to cart,Save to list
$27.00,3pc Rex London Kids Plastic Snack/Lunch Box Food Storage Square Set Sharks,Sold by KG Superstore,Add to cart,Save to list
$27.00,3pc Rex London Kids Plastic Snack/Lunch Box Square Set Fairies In The Garden,Sold by KG Superstore,Add to cart,Save to list
$27.00,3pc Rex London Kids Plastic Snack/Lunch Box Storage Square Set Ladybird,Sold by KG Superstore,Add to cart,Save to list
$27.00,3pc Rex London Kids Plastic Snack/Lunch Box Storage Square Set Wild Wonders,Sold by KG Superstore,Add to cart,Save to list
$39.00,3pc Sistema Hydrate Adventum Leak Proof Water Drinking Bottle Set 900ml,Sold by KG Superstore,Add to cart,Save to list
$40.50,3x 2PK EcoSouLife Reusable Insulated Keep Temp Bag/Lunchbag Storage w/Handle GRY,Sold by KG Superstore,Add to cart,Save to list
$50.35,3x Animal Kingdom Kids Lunchbag 15cm Food Storage Container Bag Rectangle Green,Sold by KG Superstore,Add to cart,Save to list
$53.10,3x Annabel Trends 30cm Neoprene Lunch Bag Outdoor Food Storage Jungle Snake,Sold by KG Superstore,Add to cart,Save to list
$53.10,3x Annabel Trends 30cm Neoprene Lunch Bag Outdoor Food Storage Nocturnal Blooms,Sold by KG Superstore,Add to cart,Save to list
$53.10,3x Annabel Trends 30cm Neoprene Lunch Bag Outdoor Lunchbox Floral Puzzle Mustard,Sold by KG Superstore,Add to cart,Save to list
$53.10,3x Annabel Trends 30cm Neoprene Lunch Bag Outdoor/School Food Storage Hibiscus,Sold by KG Superstore,Add to cart,Save to list
$53.10,3x Annabel Trends 30cm Neoprene Lunch Bag Outdoor/School Lunchbox Camellias Mint,Sold by KG Superstore,Add to cart,Save to list
$53.95,3x LocknLock To-Go 2-Way Food Container Storage w/ Fork Utensil 17.6cm Black,Sold by KG Superstore,Add to cart,Save to list
$53.95,3x LocknLock To-Go 2-Way Food Container Storage w/ Fork Utensil 17.6cm Hot Pink,Sold by KG Superstore,Add to cart,Save to list
$85.00,3x Meal Prep Glass 2 Compartment Food Storage Container Lunch Box Pot,Sold by Acos Ecommerce Group,Add to cart,Save to list
$39.95,3x Multix Pk10 Greener Lunch Bags With Handles Degradable 20Cm X 25Cm,Sold by Boutique Retailer,Add to cart,Save to list
EVERYDAY LOW PRICE,$10.00,$1.98 / 100G,Nature Valley Crunchy Family Variety Granola Bars 42g x 12 pack,Promoted,Add to cart,Save to list
SAVE $1.30,$4.70,$6.00 - $3.09 / 100G,Nature Valley Peanut & Chocolate Protein Bars 4 pack,Promoted,Add to cart,Save to list
$6.00,$4.00 / 100G,The Happy Snack Company Roasted Fava Beans Red Pepper & Chilli 6 Pack,4.8,/,18, Promoted,Add to cart,Save to list
$3.70,$3.70 / 1EA,Sistema Klip It Plus Rectangle 400ml,5.0,/,1, Promoted,Add to cart,Save to list
$40.50,3x Rex London Kids Insulated Lunch Bag Storage 21x16cm Colourful Creatures,Sold by KG Superstore,Add to cart,Save to list
$40.50,3x Rex London Kids/Children Insulated Lunch Bag Food Storage 21x16cm Sharks,Sold by KG Superstore,Add to cart,Save to list
$40.50,3x Rex London Kids/Children Insulated Lunch Bag Food Storage 21x16cm Space Age,Sold by KG Superstore,Add to cart,Save to list
$40.50,3x Rex London Kids/Children Insulated Lunch Bag Storage 16cm Prehistoric Land,Sold by KG Superstore,Add to cart,Save to list
$40.50,3x Rex London Kids/Children Insulated Lunch Bag Storage 21x16cm Wild Wonders,Sold by KG Superstore,Add to cart,Save to list
$99.95,40x Large Stripe Bag Packing Storage Strip Zip Shopping Travel Check House Moving 50cm x 45cm x 25cm,Sold by Boutique Retailer,Add to cart,Save to list
$110.00,40x Large Stripe Bag Packing Storage Strip Zip Shopping Travel Check House Moving 55cm x 50cm x 30cm,Sold by Boutique Retailer,Add to cart,Save to list
$139.00,40x Large Stripe Bag Packing Storage Strip Zip Shopping Travel Check House Moving 60cm x 70cm x 30cm,Sold by Boutique Retailer,Add to cart,Save to list
$129.00,40x Large Stripe Bag Packing Storage Strip Zip Shopping Travel Check House Moving 65cm x 55cm x 30cm,Sold by Boutique Retailer,Add to cart,Save to list
$149.00,40x Large Stripe Bag Packing Storage Strip Zip Shopping Travel Check House Moving 80cm x 70cm x 30cm,Sold by Boutique Retailer,Add to cart,Save to list
$22.84,420ml A5 Paper Kettle Flat Pad Water Bottle Portable Book Drinks Cup Memobottle,Sold by HLT,Add to cart,Save to list
$21.99,420ml Memobottle Drinks Cup Kettle Flat Paper Book Pad Portable A5 Water Bottle,Sold by KHM Importing,Add to cart,Save to list
$36.00,480pc Topchef Twist Tie Kitchen Large Disposable Food Safe Storage Pouch Bag,Sold by KG Superstore,Add to cart,Save to list
$199.00,48x Large Stripe Bag Packing Storage Strip Zip Shopping Travel Check House Moving 78cm x 90cm x 25cm,Sold by Boutique Retailer,Add to cart,Save to list
$179.00,48x Large Stripe Bag Packing Storage Strip Zip Shopping Travel Check House Moving 90cm x 78cm x 25cm,Sold by Boutique Retailer,Add to cart,Save to list
$159.00,48x Large Stripe Bag Packing Storage Strip Zip Shopping Travel Check House Moving 90cm x 78cm x 25cm,Sold by Boutique Retailer,Add to cart,Save to list
$44.10,4x 800ml Sucker Large Drinking Water/Juice Drinks Sports/Gym Bottle Straw Black,Sold by KG Superstore,Add to cart,Save to list
$71.10,4x Annabel Trends Watermate 550ml S/S Drink Bottle Drinking Tumbler Cobalt Check,Sold by KG Superstore,Add to cart,Save to list
$29.00,4x Annabel Trends Watermate Neoprene Bottle Cover Insulated Sleeves Charcoal,Sold by KG Superstore,Add to cart,Save to list
EVERYDAY LOW PRICE,$6.50,$1.73 / 100G,Arnotts Shapes Multipack Cracker Biscuits Variety 15 pack,Promoted,Add to cart,Save to list
SAVE $1.00,$3.00,$4.00 - $2.40 / 100G,Arnotts Cruskits Original Crispbreads 125g,Promoted,Add to cart,Save to list
EVERYDAY LOW PRICE,$6.50,$1.73 / 100G,Arnotts Tiny Teddy Variety Multipack Biscuits 15 Pack,Promoted,Add to cart,Save to list
$6.00,$4.00 / 100G,The Happy Snack Company Roasted Fava Beans Sea Salt And Balsamic Vinegar 6 Pack,4.8,/,36, Promoted,Add to cart,Save to list
$29.00,4x Annabel Trends Watermate Neoprene Drink Bottle Cover Insulated Sleeves Green,Sold by KG Superstore,Add to cart,Save to list
$29.00,4x Annabel Trends Watermate Neoprene Drink Bottle Cover Insulated Sleeves Orange,Sold by KG Superstore,Add to cart,Save to list
$29.00,4x Annabel Trends Watermate Neoprene Drink Bottle Cover Insulated Sleeves Pink,Sold by KG Superstore,Add to cart,Save to list
$29.00,4x Annabel Trends Watermate Neoprene Drink Bottle Cover Insulated Sleeves Purple,Sold by KG Superstore,Add to cart,Save to list
$25.00,4x Appetito 14.5cm Reusable Mini Snack Nuts/Food Storage Fruit Seal Zip Lock Bag,Sold by KG Superstore,Add to cart,Save to list
$35.00,4x Doozie 450ml Collapsible/Camping Water/Drink Bottle Gym/Sport/BPA Free Pink,Sold by KG Superstore,Add to cart,Save to list
$29.95,5Pcs 200ML Glass Water Bottle Juice Drink Screw Lid Kitchen Pantry Storage Jars,Sold by WAHA IMPORTS,Add to cart,Save to list
$35.00,5pcs Travel Bag Set Laundry Toiletries Shoes Cables Storage Zipped Organizer in Black,Sold by Boutique Retailer,Add to cart,Save to list
$27.45,6 x 500ml Large Glass Water Sports Bottle Ribbon Handle Juice Beverage Storage,Sold by WAHA IMPORTS,Add to cart,Save to list
$13.99,"600ML BPA-Free Sports Water Bottle - Outdoor Cycling & PE Water Cup (Black, 1)",Sold by deal365,Add to cart,Save to list
$54.99,60W Electric Heated Lunch Box Portable Food Warmer Heater Heating Container 1.5L,Sold by Splendid Home and Living,Add to cart,Save to list
$21.99,64oz Large Collapsible Sports Half Gallon Water Bottle - Foldable Silicone Bottle Pink,Sold by deal365,Add to cart,Save to list
$170.99,6pcs Double-Layer Transparent Glass Mug Set,Sold by Lifebay,Add to cart,Save to list
$69.30,6x 2PK EcoSouLife Reusable Insulated Food Bag/Lunchbag Storage w/ Handle Grey,Sold by KG Superstore,Add to cart,Save to list
$39.00,6x 3PK Lemon & Lime Sweeties 35x15cm Large Cake Box Storage Container w/ Lid WHT,Sold by KG Superstore,Add to cart,Save to list
$54.30,6x Large Glass Water Sports Bottle Ribbon Handle Juice Beverage Storage 500ml,Sold by Acos Ecommerce Group,Add to cart,Save to list
$39.60,720pc Topchef Home Kitchen Single Resealable Press & Seal Food Storage Snack Bag,Sold by KG Superstore,Add to cart,Save to list
$25.00,800ml Sucker Large Drinking Water/Juice Drinks Sports/Gym Bottle w/ Straw Black,Sold by KG Superstore,Add to cart,Save to list
$39.00,8x 3PK Lemon & Lime Sweeties 6-Donuts Box 30x20cm Storage Container w/ Lid White,Sold by KG Superstore,Add to cart,Save to list
$37.80,8x Annabel Trends Watermate Neoprene Bottle Cover Insulated Sleeves Charcoal,Sold by KG Superstore,Add to cart,Save to list
$37.80,8x Annabel Trends Watermate Neoprene Drink Bottle Cover Insulated Sleeves Green,Sold by KG Superstore,Add to cart,Save to list
$37.80,8x Annabel Trends Watermate Neoprene Drink Bottle Cover Insulated Sleeves Orange,Sold by KG Superstore,Add to cart,Save to list
SAVE $2.52,$3.78,$6.30,Sistema Plasticware Snack To Go Each,Promoted,Add to cart,Save to list
$6.20,$7.38 / 100G,Table Of Plenty Mini Rice Cakes Milk Chocolate Snack Packs 6 pack,Promoted,Add to cart,Save to list
$3.30,$3.14 / 100G,Sunbites Sea Salt Snack Crackers With Quinoa Share Pack 105g,4.7,/,55, Promoted,Add to cart,Save to list
SAVE $1.30,$4.70,$6.00 - $3.09 / 100G,Nature Valley Salted Caramel Protein Bars 4 pack,Promoted,Add to cart,Save to list
$37.80,8x Annabel Trends Watermate Neoprene Drink Bottle Cover Insulated Sleeves Pink,Sold by KG Superstore,Add to cart,Save to list
$37.80,8x Annabel Trends Watermate Neoprene Drink Bottle Cover Insulated Sleeves Purple,Sold by KG Superstore,Add to cart,Save to list
$65.99,ACA 4PCS 650ml Glass Cups Handle Drinking Tumblers Mugs Bamboo Lids Straws Brushes,Sold by Dream Bathroom,Add to cart,Save to list
$59.99,ACA 6PCS 600ml Clear Glass Cups With Lids and Straws 2 Cleaning Brushes Set,Sold by Dream Bathroom,Add to cart,Save to list
$34.00,Adidas 600ml Performance Water Bottle Screw Cap Training Hydration Sports Black,Sold by KG Superstore,Add to cart,Save to list
$29.00,Adidas 600ml Performance Water Bottle Screw Cap Training Hydration Sports Blue,Sold by KG Superstore,Add to cart,Save to list
$37.80,Annabel Trends 30cm Neoprene Lunch Bag Outdoor Food Storage Lunchbox Zig Zag,Sold by KG Superstore,Add to cart,Save to list
$39.00,Annabel Trends Insulated Picnic Lunch Bag Outdoor Food Storage Shelly Beach,Sold by KG Superstore,Add to cart,Save to list
$39.00,Annabel Trends Insulated Picnic Lunch Carry Bag Outdoor Food Storage Tropicana,Sold by KG Superstore,Add to cart,Save to list
$44.10,Annabel Trends Insulated Tote Lunch Bag Food Storage 28.5x40cm Jungle Snake,Sold by KG Superstore,Add to cart,Save to list
$48.60,Annabel Trends Polyester Picnic Lunch Bag Outdoor Travel Backpack Good Vibes,Sold by KG Superstore,Add to cart,Save to list
$48.60,Annabel Trends Polyester Picnic Lunch Bag Outdoor Travel Backpack Tropicana,Sold by KG Superstore,Add to cart,Save to list
$71.10,Annabel Trends The Keg Watermate 3.8L Stainless Steel Double Walled Bottle Black,Sold by KG Superstore,Add to cart,Save to list
$37.80,Annabel Trends Watermate 550ml Stainless Steel Drink Bottle Tumbler Pink Banksia,Sold by KG Superstore,Add to cart,Save to list
$29.00,Annabel Trends Watermate 950ml Stainless Steel Drink Bottle Nocturnal Blooms,Sold by KG Superstore,Add to cart,Save to list
$29.00,Annabel Trends Watermate 950ml Stainless Steel Drink Bottle Sherbet Poppies,Sold by KG Superstore,Add to cart,Save to list
$40.50,Annabel Trends Watermate 950ml Stainless Steel Drink Water Bottle Abstract Gum,Sold by KG Superstore,Add to cart,Save to list
$40.50,Annabel Trends Watermate 950ml Stainless Steel Drink Water Bottle Bright Stripe,Sold by KG Superstore,Add to cart,Save to list
$29.00,Annabel Trends Watermate 950ml Stainless Steel Drink Water Bottle Gelato Pink,Sold by KG Superstore,Add to cart,Save to list
$29.00,Annabel Trends Watermate 950ml Stainless Steel Drink Water Bottle Gelato Purple,Sold by KG Superstore,Add to cart,Save to list
$29.00,Annabel Trends Watermate 950ml Stainless Steel Drink Water Bottle Navy Stripe,Sold by KG Superstore,Add to cart,Save to list
$29.00,Annabel Trends Watermate 950ml Stainless Steel Drink Water Bottle Pale Pink,Sold by KG Superstore,Add to cart,Save to list
$29.00,Annabel Trends Watermate 950ml Stainless Steel Drink Water Bottle Tumbler Jade,Sold by KG Superstore,Add to cart,Save to list
$12.60,$8.40 / 1L,Sanitarium Up&Go Liquid Breakfast Choc Ice 6 Pack,Promoted,Add to cart,Save to list
EVERYDAY LOW PRICE,$10.00,$1.98 / 100G,Nature Valley Crunchy Family Variety Granola Bars 42g x 12 pack,Promoted,Add to cart,Save to list
SAVE $1.30,$4.70,$6.00 - $3.09 / 100G,Nature Valley Peanut & Chocolate Protein Bars 4 pack,Promoted,Add to cart,Save to list
$6.00,$4.00 / 100G,The Happy Snack Company Roasted Fava Beans Red Pepper & Chilli 6 Pack,4.8,/,18, Promoted,Add to cart,Save to list
$29.00,Annabel Trends Watermate 950ml Stainless Steel Drink Water Bottle Tumbler Mint,Sold by KG Superstore,Add to cart,Save to list
$29.00,Annabel Trends Watermate 950ml Stainless Steel Drink Water Bottle Tumbler Peach,5.0,/,1,Sold by KG Superstore,Add to cart,Save to list
$29.00,Annabel Trends Watermate 950ml Stainless Steel Drink Water Bottle Yellow Stripe,Sold by KG Superstore,Add to cart,Save to list
$39.00,Annabel Trends Watermate Stainless Steel Double Walled Big Drink Bottle BLK 1.9L,Sold by KG Superstore,Add to cart,Save to list
$15.00,Appetito Potato/Food Bag Kitchen/Pantry Fabric Drawstring Sack/Storage/Organiser,4.0,/,1,Sold by KG Superstore,Add to cart,Save to list
$35.00,Aquarius 22cm Boba Tin Fun Box Kids Lunch Storage Container w/ Carry Handle,Sold by KG Superstore,Add to cart,Save to list
$37.00,Aquarius 22cm Friday The 13th Tin Fun Box w/ Handle Lunchbox Carry Storage Large,Sold by KG Superstore,Add to cart,Save to list
$35.00,Aquarius 22cm Jaws Tin Fun Box w/ Handle Lunchbox Storage Carry Case Large,Sold by KG Superstore,Add to cart,Save to list
$35.00,Aquarius 22cm Labyrinth Tin Fun Box w/ Handle Lunchbox Storage Carry Case Large,Sold by KG Superstore,Add to cart,Save to list
$37.00,Aquarius 22cm NASA Tin Carry All Fun Box w/ Handle Large Lunchbox Storage Case,Sold by KG Superstore,Add to cart,Save to list
$37.00,Aquarius 22cm Sesame Street Big Bird Tin Fun Box w/ Handle Lunchbox Yellow Large,Sold by KG Superstore,Add to cart,Save to list
$35.00,Aquarius 22cm Turntable Tin Fun Box Storage Container w/ Carry Handle Brown,Sold by KG Superstore,Add to cart,Save to list
$35.00,Aquarius Bento Bix Fun Box Tin Storage Lunch Container w/ Carry Handle Rectangle,Sold by KG Superstore,Add to cart,Save to list
$35.00,Aquarius Bob Ross 22cm Happy Accidents Carry All Tin Box Container w/ Handle,Sold by KG Superstore,Add to cart,Save to list
$39.95,Aquarius Charlie Brown Christmas Journey Board Game Party Family Fun Play 13+,Sold by KG Superstore,Add to cart,Save to list
$35.00,Aquarius David Bowie Aladdin Sane Fun Tin Box Storage Container w/ Carry Handle,Sold by KG Superstore,Add to cart,Save to list
$37.00,Aquarius E.T. 22cm Carry All Tin Fun Box Storage Container w/Handle Rectangle,Sold by KG Superstore,Add to cart,Save to list
$35.00,Aquarius Fender Amp Tin Fun Lunch Box Storage Container w/ Carry Handle Black,Sold by KG Superstore,Add to cart,Save to list
$6.20,$7.38 / 100G,Table Of Plenty Mini Rice Cakes Snack Packs Caramel White Choc 6 pack,Promoted,Add to cart,Save to list
SAVE $1.40,$5.30,$6.70 - $7.07 / 1L,Sustagen High Protein Nutrition Top-Up Dutch Chocolate Ready To Drink 250mL x 3 pack,Promoted,Add to cart,Save to list
$5.00,$2.50 / 100G,Arnotts Mini Scotch Finger Multipack Biscuits 8 Pack,Promoted,Add to cart,Save to list
$35.00,Aquarius Godzilla vs Kong 22cm Carry All Tin Storage Container w/ Handle Rect,Sold by KG Superstore,Add to cart,Save to list
$35.00,Aquarius Human Organ Transplant Tin Carry All Fun Box Storage w/ Handle White,Sold by KG Superstore,Add to cart,Save to list
$35.00,Aquarius Johnny Cash Tin Carry All Fun Box Storage Container w/ Carry Handle,Sold by KG Superstore,Add to cart,Save to list
$35.00,Aquarius Jurassic Park Tin Fun Box Storage Container w/ Carry Handle Rectangle,Sold by KG Superstore,Add to cart,Save to list
$35.00,Aquarius Mushroom Tin Fun Box Lunch Storage Container w/ Carry Handle Rectangle,Sold by KG Superstore,Add to cart,Save to list
$35.00,Aquarius Peanuts Artemis Space Tin Carry All Box Storage Container w/ Handle,Sold by KG Superstore,Add to cart,Save to list
SAVE $0.60,$4.70,$5.30 - $0.62 / 100G,Abbott's Bakery Sourdough White Bread Sandwich Slice Loaf 760g,5.0,/,3, Promoted,Add to cart,Save to list
$15.00,$15.00 / 1EA,Sistema Klip It Plus Rectangle 1l 3 Pack,5.0,/,1, Promoted,Add to cart,Save to list
$5.00,$1.32 / 100G,Uno Penotti Hazelnut Spread 380g,Promoted,Add to cart,Save to list
SAVE $2.20,$4.70,$6.90 - $1.87 / 100G,Nature Valley Crunchy Variety Granola Bars 42g x 6 pack,Promoted,Add to cart,Save to list
$35.00,Aquarius Pink Floyd 22cm Carry All Tin Box Container Storage w/ Handle Rect,Sold by KG Superstore,Add to cart,Save to list
$35.00,Aquarius Ramen Tin Fun Box Storage Lunch Container w/ Carry Handle Rectangle,Sold by KG Superstore,Add to cart,Save to list
$37.00,Aquarius Smithsonian Dinosaurs Tin Carry All Fun Box Storage Container w/ Handle,Sold by KG Superstore,Add to cart,Save to list
$24.95,Aquarius Space Invaders Carry All Fun Box,Sold by The Gamesmen,Add to cart,Save to list
$35.00,Aquarius Space Invaders Tin Fun Box Kids Storage Container w/ Carry Handle Rect,Sold by KG Superstore,Add to cart,Save to list
$35.00,Aquarius The Office Tin Fun Box Lunch Storage Container w/Carry Handle Rectangle,Sold by KG Superstore,Add to cart,Save to list
$37.00,Aquarius Tin Carry All Atari Fun Box Food Storage Lunchbox w/Handle Square,Sold by KG Superstore,Add to cart,Save to list
$37.00,Aquarius Tin Carry All Axolotl Fun Box Food Storage Lunchbox w/Handle Sqr,Sold by KG Superstore,Add to cart,Save to list
$37.00,Aquarius Tin Carry All Kiss Fun Box Food Storage Lunchbox w/Handle Square,Sold by KG Superstore,Add to cart,Save to list
$37.00,Aquarius Tin Carry All M3GAN Tin Fun Box Food Storage Lunchbox w/Handle Sqr,Sold by KG Superstore,Add to cart,Save to list
$37.00,Aquarius Tin Carry All Peanuts Beagle Scout Fun Box Lunchbox w/Handle Square,Sold by KG Superstore,Add to cart,Save to list
$37.00,Aquarius Tin Carry All Shrek Fun Box Food Storage Lunchbox w/Handle Square,Sold by KG Superstore,Add to cart,Save to list
$24.95,Aquarius Turntable Carry All Fun Box,Sold by The Gamesmen,Add to cart,Save to list
$32.00,Archie McPhee 9cm Emergency Unicorn Button Plastic Party Gag Kids Sounds Toy,Sold by KG Superstore,Add to cart,Save to list
$37.00,Archie McPhee Rosie The Riveter 13cm Vinyl Action Figure Kids/Children Toy 3+,Sold by KG Superstore,Add to cart,Save to list
$27.00,Ashdene 500ml Butterfly Heliconia Stainless Steel D/Wall Drinking Water Bottle,Sold by KG Superstore,Add to cart,Save to list
$39.00,Ashdene A Country Life Country King of the Countryside Travel Drink Mug 500ml,Sold by KG Superstore,Add to cart,Save to list
$39.00,Ashdene A Country Life Country Lifestyle Travel Stainless Steel Drink Mug 500ml,Sold by KG Superstore,Add to cart,Save to list
$39.00,Ashdene Maarakool Art 500ml Double Wall Drink Bottle Tumbler Fire-Stick Farming,Sold by KG Superstore,Add to cart,Save to list
$39.00,Ashdene Maarakool Art 500ml Double Walled Drink Bottle Tumbler Dolphins Dreaming,Sold by KG Superstore,Add to cart,Save to list
SAVE $1.50,$3.50,$5.00 - $1.75 / 100G,Arnotts Shapes Multipack Cracker Biscuits Pizza 8 pack,Promoted,Add to cart,Save to list
$6.20,$7.38 / 100G,Table Of Plenty Mini Rice Cakes Dark Chocolate Snack Packs 6 pack,Promoted,Add to cart,Save to list
SAVE $1.40,$5.30,$6.70 - $7.07 / 1L,Sustagen High Protein Nutrition Top-Up Vanilla Flavour Ready To Drink 250mL x 3 pack,Promoted,Add to cart,Save to list
SAVE $2.20,$4.70,$6.90 - $1.87 / 100G,Nature Valley Crunchy Oats & Honey Granola Bars 42g x 6 pack,Promoted,Add to cart,Save to list
$33.95,Ashdene Native Grace Bottlebrush Stainless Steel Anti-Leak Drink Water Bottle,Sold by KG Superstore,Add to cart,Save to list
$29.95,Ashdene Native Grace Waratah Stainless Steel Anti-Leak Drink Water Bottle 24.5cm,Sold by KG Superstore,Add to cart,Save to list
$33.95,Ashdene Native Grace Wattle Stainless Steel Anti-Leak Drink Water Bottle 24.5cm,Sold by KG Superstore,Add to cart,Save to list
$27.95,Ashdene Puli Puli Graphite Stainless Steel 500ml Double Walled Bottle Reusable,Sold by KG Superstore,Add to cart,Save to list
$33.95,Ashdene Puli Puli Red Stainless Steel 500ml Double Walled Drink Bottle Reusable,Sold by KG Superstore,Add to cart,Save to list
$38.00,Ashdene Stainless Steel 500ml Maintaining Our Culture Drink Bottle w/ Lid Black,Sold by KG Superstore,Add to cart,Save to list
$38.00,Ashdene Stainless Steel 500ml Modern Birds Wren Drink Bottle Beverage Cup w/ Lid,Sold by KG Superstore,Add to cart,Save to list
$39.00,Ashdene Stainless Steel 500ml/24cm Enchanting Banksia Drink Bottle w/ Lid Green,Sold by KG Superstore,Add to cart,Save to list
$38.00,Ashdene Stainless Steel 500ml/24cm Modern Birds Kookaburra Drink Bottle w/ Lid,Sold by KG Superstore,Add to cart,Save to list
$39.00,Ashdene Stainless Steel 500ml/24cm Radiance Misty Drink Bottle Water Container,Sold by KG Superstore,Add to cart,Save to list
$34.00,Ashdene Trio Black 500ml/24.5cm Water Bottle Stainless Steel Drink Flask White,Sold by KG Superstore,Add to cart,Save to list
$34.00,Ashdene Trio Grey 500ml/24.5cm Water Bottle Stainless Steel Drink Flask White,Sold by KG Superstore,Add to cart,Save to list
$29.00,Ashdene Up In The Sky Kids 17cm Melamine Lunch Box/Snack Food Storage Purple,Sold by KG Superstore,Add to cart,Save to list
$24.95,Atari Carry Tin Lunch Box,Sold by The Gamesmen,Add to cart,Save to list
$24.95,Avanti Fluid Vacuum Water Bottle 500ml Stainless Steel Lightweight,Sold by Value Village,Add to cart,Save to list
$34.95,Avanti HydroQuench 1L Travel Tumbler - Grey Mist,Sold by Value Village,Add to cart,Save to list
$37.66,$75.32 / 100ML,Avocado Zinc Natural Tinted Moisturiser Medium - Dark SPF50 50ml,Sold by Healthylife,Add to cart,Save to list
$10.99,BPA Free Camping 750ML Sports Bottle Bicycle Water Bottles Sport Cup Drink Jug,Sold by Digitel,Add to cart,Save to list
$53.10,Bentgo 1.2L Stainless Steel Leak-Proof Lunch Box - Rose Gold,Sold by Acos Ecommerce Group,Add to cart,Save to list
$48.00,Bentgo 560mL Stainless Steel Insulated Lunch Box - Carbon Black,Sold by Acos Ecommerce Group,Add to cart,Save to list
$2.50,$5.00 / 100G,Gold Medal Snacks Single Pack Pork Krackles 50g,Promoted,Add to cart,Save to list
$6.80,$9.07 / 1L,Sanitarium Up&Go Liquid Breakfast Vanilla Ice 3 Pack,Promoted,Add to cart,Save to list
$15.00,$23.08 / 100ML,Nivea Sun Kids Protect & Play Spf50 Roll-On Sunscreen 65ml,Promoted,Add to cart,Save to list
$5.70,$22.80 / 1KG,Philadelphia Original Cream Cheese Block 250g,Promoted,Add to cart,Save to list
$48.10,Bentgo 560mL Stainless Steel Insulated Lunch Box - Rose Gold,Sold by Acos Ecommerce Group,Add to cart,Save to list
$49.55,Bentgo Kid's Print Leak-Proof Bento Lunch Box Dinosaurs Design With 5 Compartments,Sold by Acos Ecommerce Group,Add to cart,Save to list
$39.50,Bentgo Kid's Snack Chill Leak-Proof Bento Food Container School Picnic Purple,Sold by Acos Ecommerce Group,Add to cart,Save to list
$38.71,Bentgo Kid's Snack Chill Leak-Proof Bento Food Container School Picnic Red/Royal,Sold by Acos Ecommerce Group,Add to cart,Save to list
$39.95,Bentgo Kid's Snack Chill Leak-Proof New Bento Food Container School Fuchsia/Teal,Sold by Acos Ecommerce Group,Add to cart,Save to list
$55.09,Bentgo Kids CHILL Lunch Box w/ Ice Pack Bento-Style Container Leak-Proof RED,Sold by Acos Ecommerce Group,Add to cart,Save to list
$49.63,Bentgo Kids Lunch Box With Compartment Bento-Style Container Blue,Sold by Acos Ecommerce Group,Add to cart,Save to list
$49.14,Bentgo Kids Lunch Box With Compartment Bento-Style Container Leak-Proof Rockets,Sold by Acos Ecommerce Group,Add to cart,Save to list
$49.14,Bentgo Kids Lunch Box With Compartment Bento-Style Container Leak-Proof Sharks,Sold by Acos Ecommerce Group,Add to cart,Save to list
$49.14,Bentgo Kids Lunch Box With Compartment Bento-Style Container Leak-Proof Unicorns,Sold by Acos Ecommerce Group,Add to cart,Save to list
$42.00,Bentgo Kids Lunch Box With Compartment Bento-Style Container Mermaid Scales,Sold by Acos Ecommerce Group,Add to cart,Save to list
$42.00,Bentgo Kids Print Leak Proof Lunch Box Mermaid Scales,Sold by Acos Ecommerce Group,Add to cart,Save to list
$46.90,Bentgo Kids Prints Leak Proof Lunch Box - Rainbows & Butterflies,Sold by Acos Ecommerce Group,Add to cart,Save to list
$38.71,Bentgo Kids Snack Chill Leak-Proof Bento Food Container School Picnic Green/Blue,Sold by Acos Ecommerce Group,Add to cart,Save to list
$38.71,Bentgo Kids Snack Chill Leak-Proof New Bento Food Container School Picnic Aqua,Sold by Acos Ecommerce Group,Add to cart,Save to list
$43.90,Bentgo Kids' Bento Lunch Box - Space Rockets,Sold by Acos Ecommerce Group,Add to cart,Save to list
$33.20,Bentgo Kids' Leak Proof Snack Container - Aqua,Sold by Acos Ecommerce Group,Add to cart,Save to list
$34.95,Bentgo Kids' Leak Proof Snack Container - Fuchsia/Teal,Sold by Acos Ecommerce Group,Add to cart,Save to list
$34.95,Bentgo Kids' Leak Proof Snack Container - Purple,Sold by Acos Ecommerce Group,Add to cart,Save to list
$35.95,Bentgo Kids' Leak Proof Snack Container - Red/Royal Blue,Sold by Acos Ecommerce Group,Add to cart,Save to list
$49.63,Bentgo Lunch Box With Compartment Bento-Style Lunchbox Container Aqua,Sold by Acos Ecommerce Group,Add to cart,Save to list
$49.63,Bentgo Lunch Box With Compartment Bento-Style Lunchbox Container Blue,Sold by Acos Ecommerce Group,Add to cart,Save to list
$46.45,Bentgo Lunch Box With Compartment Bento-Style Lunchbox Container Leak-Proof Pink,Sold by Acos Ecommerce Group,Add to cart,Save to list
SAVE $1.40,$5.30,$6.70 - $7.07 / 1L,Sustagen High Protein Nutrition Top-Up Strawberry Ready To Drink 250mL x 3 pack,Promoted,Add to cart,Save to list
SAVE $6.60,$15.40,$22.00 - $17.50 / 100ML,Neutrogena Ultra Sheer Face Lotion Sunscreen Spf 50 88ml,Promoted,Add to cart,Save to list
$25.00,DESIGNS MAY VARY,Contigo Kids Aubrey Water Bottle Assorted each,Promoted,Add to cart,Save to list
$29.00,$29.00 / 100ML,Invisible Zinc Sport Spf 50+ Mineral Sunscreen Cream 100g,Promoted,Add to cart,Save to list
$34.95,Bentgo Salad All In One Salad Container Coastal Aqua,Sold by Acos Ecommerce Group,Add to cart,Save to list
$35.90,Bentgo Salad All In One Salad Container Slate,Sold by Acos Ecommerce Group,Add to cart,Save to list
$41.99,Bentgo Salad Bowl To Go Stackable Lunch Dressing Container All-In-One- Aqua,Sold by Acos Ecommerce Group,Add to cart,Save to list
$41.99,Bentgo Salad Bowl To Go Stackable Lunch Dressing Container All-In-One- Grey,Sold by Acos Ecommerce Group,Add to cart,Save to list
$41.99,Bentgo Salad Bowl To Go Stackable Lunch Dressing Container All-In-One- Slate,Sold by Acos Ecommerce Group,Add to cart,Save to list
$54.50,Bentgo Stainless Steel Leak-Proof Lunch Box Aqua,Sold by Acos Ecommerce Group,Add to cart,Save to list
$54.95,Bentgo Stainless Steel Leak-Proof Lunch Box Food Container 1200ml Carbon Black,Sold by Acos Ecommerce Group,Add to cart,Save to list
$54.95,Bentgo Stainless Steel Leak-Proof Lunch Box Food Container 1200ml Rose Gold,Sold by Acos Ecommerce Group,Add to cart,Save to list
$54.95,Bentgo Stainless Steel Leak-Proof Lunch Box Food Container Bento 1200ml Aqua,Sold by Acos Ecommerce Group,Add to cart,Save to list
$46.90,BentgoKids Lunch Box With Compartment Bento-Style Container Rainbows/Butterflies,Sold by Acos Ecommerce Group,Add to cart,Save to list
$43.25,Bento Box Lunch Containers Food Microwave Stainless Portable Dinnerware Blue,Sold by Acos Ecommerce Group,Add to cart,Save to list
$43.15,Bento Box Lunch Containers Food Microwave Stainless Portable Dinnerware Green,Sold by Acos Ecommerce Group,Add to cart,Save to list
$37.95,Black and Blum PS Insulated Stainless Steel Water Bottle - 500ml - Orange,Sold by Wild Earth,Add to cart,Save to list
$21.00,Boon Nosh Baby/Toddler Feeding BPA Free Snack Container Food Cup 9m+ w/ Lid Blue,Sold by KG Superstore,Add to cart,Save to list
$27.00,Boon Snug Baby/Toddler Snack Container Food Silicone Lid w/ Cup Storage 9m+ Blue,Sold by KG Superstore,Add to cart,Save to list
$27.00,Boon Snug Baby/Toddler Snack Container Food Silicone Lid w/ Cup Storage 9m+ Pink,Sold by KG Superstore,Add to cart,Save to list
$39.95,Brisbane Broncos NRL 3.70L Team Logo Tritan Water Drink Bottle,Sold by NPC Amusements,Add to cart,Save to list
$38.50,Bugatti B-Bottle Sports Lid Kit Accessori Black,Sold by Value Village,Add to cart,Save to list
SAVE $4.60,$6.90,$11.50,DESIGNS MAY VARY,Sistema Hydrate Twist n Sip Water Drink Bottle 800mL each,Promoted,Add to cart,Save to list
$22.00,$11.96 / 100G,Neutrogena Beach Defence Spray Sunscreen Spf 50 184g,Promoted,Add to cart,Save to list
SAVE $13.40,$20.10,$33.50,Sistema Double Walled Stainless Steel Water Drink Bottle 1L each,Promoted,Add to cart,Save to list
$38.50,Bugatti B-Bottle Sports Lid Kit Red,Sold by Value Village,Add to cart,Save to list
$38.50,Bugatti B-Bottle Sports Lid Kit White,Sold by Value Village,Add to cart,Save to list
$98.00,Bugatti Bright White 500ml Twin B Bottle,Sold by Value Village,Add to cart,Save to list
$109.00,Bugatti Circle Fade 500ml Twin Lux B-Bottle,Sold by Value Village,Add to cart,Save to list
$98.00,Bugatti La Ville 500ml Twin B-Bottle,Sold by Value Village,Add to cart,Save to list
$98.00,Bugatti SS Brushed 500ml Twin B-Bottle,Sold by Value Village,Add to cart,Save to list
EVERYDAY LOW PRICE,$8.00,$1.07 / 100G,Uno Penotti Hazelnut Spread 750g,Promoted,Add to cart,Save to list
$3.45,$138.00 / 1KG,Kooee Sticks Organic Beef Sea Salt 25g,Promoted,Add to cart,Save to list
SAVE $1.50,$3.50,$5.00 - $1.75 / 100G,Arnotts Shapes Multipack Cracker Biscuits Vegemite & Cheese 8 pack,5.0,/,1, Promoted,Add to cart,Save to list
$28.00,$9.33 / 100ML,Nivea Sun Protect & Moisture Lock Spf50+ Sunscreen Spray 300ml,Promoted,Add to cart,Save to list
$109.00,Bugatti Twin 500ml B-Pattern Stainless Steel Drink Bottle - Black,Sold by Value Village,Add to cart,Save to list
$109.00,"Bugatti Twin Wall 500ml Animalier B-Bottle, Double Wall Insulated Bottle, BPA Fr",Sold by Value Village,Add to cart,Save to list
$54.50,Camelbak Eddy+ Tritan Renew .75L Drink Water Bottle - Rose,Sold by Knives Online,Add to cart,Save to list
$39.95,Canberra Raiders NRL 3.70L Team Logo Tritan Water Drink Bottle,Sold by NPC Amusements,Add to cart,Save to list
$36.90,Canberra Raiders NRL Insulated School Lunch Box dome Cooler BAG,Sold by NPC Amusements,Add to cart,Save to list
$19.90,$9.95 / 100ML,Cancer Council Sunscreen Kids SPF50+ 250ml,Sold by Healthylife,Add to cart,Save to list
$19.90,$9.95 / 100ML,Cancer Council Sunscreen Sport Dry Touch & Sweat Resistant Lotion SPF50+ 200ml,Sold by Healthylife,Add to cart,Save to list
$39.95,Canterbury Bulldogs NRL 3.70L Team Logo Tritan Water Drink Bottle,Sold by NPC Amusements,Add to cart,Save to list
$9.95,Canterbury Bulldogs NRL Sandwich Snack Container Lunch Box,Sold by NPC Amusements,Add to cart,Save to list
$14.95,Carlton Blues AFL 2025 Design Tritan Drink Water Bottle with Wrist Bands,Sold by NPC Amusements,Add to cart,Save to list
$39.58,Catzon 2 Pack Transparent Portable Milk Water Bottle Square Juice Cup for Outdoor Sports,Sold by Catzon,Add to cart,Save to list
$62.70,Catzon 4 Pack Transparent Portable Milk Water Bottle Square Juice Cup for Outdoor Sports,Sold by Catzon,Add to cart,Save to list
$76.00,Catzon 5-Compartment Childrens Lunch Box Durable Leak-Proof Meal and Snack Packing -Purple,Sold by Catzon,Add to cart,Save to list
$29.98,Catzon Insulated Lunch Bag Tough Reusable Adult Lunchbox With Water Bottle Holder -Blue,5.0,/,1,Sold by Catzon,Add to cart,Save to list
$39.98,Catzon Insulated Lunch Bags Large Tote Adult Lunch Box with Shoulder Strap Side Pockets Gray,5.0,/,1,Sold by Catzon,Add to cart,Save to list
$39.98,Catzon Insulated Lunch Bags Large Tote Adult Lunch Box with Shoulder Strap Side Pockets RoseRed,5.0,/,1,Sold by Catzon,Add to cart,Save to list
$42.99,Catzon Lunch Bag Durable Nylon Thermal Snacks Organizer for College Work Picnic Hiking Beach Fishing -Flower,Sold by Catzon,Add to cart,Save to list
$42.99,Catzon Lunch Bag Durable Nylon Thermal Snacks Organizer for College Work Picnic Hiking Beach Fishing -Gray,Sold by Catzon,Add to cart,Save to list
$39.00,Cockatoo Camping 500ml Stainless Steel Drink Bottle Travel Water Container Black,Sold by KG Superstore,Add to cart,Save to list
$19.98,Compleat Silicone Lunch Bags 2 Pack in Lavender & Green,Sold by iBuys,Add to cart,Save to list
$29.98,Compleat Silicone Lunch Bags 4 Pack in Lavender & Green,Sold by iBuys,Add to cart,Save to list
$29.95,Contigo 828ml Shake Go Fit 2.0 Water Bottle Sports Drink Container Sake Grey,Sold by KG Superstore,Add to cart,Save to list
$39.90,Contigo Ashland 2.0 Autospout 709ml Plastic Water Bottle Container Blue Corn,Sold by KG Superstore,Add to cart,Save to list
SAVE $5.30,$7.95,$13.25,DESIGNS MAY VARY,Sistema Hydrate Tritan Water Drink Bottle 800mL Assorted each,Promoted,Add to cart,Save to list
SAVE $5.60,$8.40,$14.00,DESIGNS MAY VARY,Sistema ActiveTritan Bottle 800mL Assorted Each,4.3,/,6, Promoted,Add to cart,Save to list
$28.00,$7.00 / 100ML,Nivea Sun Protect & Moisture Lock Spf50+ Sunscreen 400ml,Promoted,Add to cart,Save to list
$28.00,$9.33 / 100ML,Nivea Sun Ultra Sport Cooling Sunscreen Trigger Spray Spf50+ 300ml,Promoted,Add to cart,Save to list
$39.95,Contigo Ashland 2.0 Autospout 709ml Plastic Water Bottle Container Sake Grey,Sold by KG Superstore,Add to cart,Save to list
$44.95,Contigo Ashland 2.0 Autospout 946ml Plastic Water Bottle Container Blue Corn,Sold by KG Superstore,Add to cart,Save to list
$44.95,Contigo Ashland 2.0 Autospout 946ml Plastic Water Bottle Container Dragon Fruit,Sold by KG Superstore,Add to cart,Save to list
$44.95,Contigo Ashland 2.0 Autospout 946ml Plastic Water Bottle Drink Container Licorce,Sold by KG Superstore,Add to cart,Save to list
$76.45,Contigo Ashland Chill 2.0 Autospout 709ml Stainless Steel Drink Bottle Silver,Sold by KG Superstore,Add to cart,Save to list
$39.00,Contigo Auotseal Tritan Water/Drink Bottle 946ml Spiced Wine w/ Carry Handle,Sold by KG Superstore,Add to cart,Save to list
$69.30,Contigo Fit Autospout Mega Jug/Bottle 1.89L Licorice Water Drink Jar w/ Handle,Sold by KG Superstore,Add to cart,Save to list
$39.95,Contigo Jackson Autopop 709ml Water Bottle Travel Drink Container Dragon Fruit,Sold by KG Superstore,Add to cart,Save to list
$39.95,Contigo Jackson Autopop 709ml Water Bottle Travel Drinking Container Blue Corn,Sold by KG Superstore,Add to cart,Save to list
$39.95,Contigo Jackson Autopop 709ml Water Bottle Travel Drinking Container Sake Grey,Sold by KG Superstore,Add to cart,Save to list
$44.95,Contigo Jackson Autopop 946ml Water Bottle Travel Drink Container Dragon Fruit,Sold by KG Superstore,Add to cart,Save to list
$44.95,Contigo Jackson Autopop 946ml Water Bottle Travel Drinking Container Licorice,Sold by KG Superstore,Add to cart,Save to list
$62.95,Contigo Jackson Chill Autopop 591ml Stainless Steel Water Drink Bottle Silver,Sold by KG Superstore,Add to cart,Save to list
$39.95,Contigo Kids Autospout 414ml Water Bottle w/ Straw Juice Drink Container Blue,Sold by KG Superstore,Add to cart,Save to list
$31.99,Contigo Travel Mug Luxe Autoseal Tumbler - 350ml Merlot,Sold by Boutique Retailer,Add to cart,Save to list
$53.10,Contigo West Loop Autoseal 473ml Stainless Steel Mug Travel Coffee Cup Dark Ice,Sold by KG Superstore,Add to cart,Save to list
$62.10,Contigo West Loop Autoseal 473ml Stainless Steel Mug Travel Coffee Cup Spirulina,Sold by KG Superstore,Add to cart,Save to list
$53.10,Contigo West Loop Autoseal Mug 473ml Stainless Steel Drinking Water Container SL,Sold by KG Superstore,Add to cart,Save to list
$33.00,Crocodile Creek Robot Lunchbox/Carry Lunch Bag/Storage for Kids/Children Red/GRN,Sold by KG Superstore,Add to cart,Save to list
$9.95,Cronulla Shark NRL Sandwich Snack Container Lunch Box,Sold by NPC Amusements,Add to cart,Save to list
$39.95,Cronulla Sharks NRL 3.70L Team Logo Tritan Water Drink Bottle,Sold by NPC Amusements,Add to cart,Save to list
$12.95,Cronulla Sharks NRL Bento Snack Container Lunch Box,Sold by NPC Amusements,Add to cart,Save to list
$5.50,$14.67 / 1L,The Man Shake Fuel Chocolate Health Shake 375mL,Promoted,Add to cart,Save to list
$2.70,$1.93 / 100G,Vitasoy Greek Style Soy Yogurt Hint Of Strawberry 140g,Promoted,Add to cart,Save to list
$9.50,$3.80 / 100G,Egmont Honey Manuka Honey MGO 30+ 250g,Promoted,Add to cart,Save to list
SAVE $9.10,$13.65,$22.75,DESIGNS MAY VARY,Sistema Stainless Steel Water Drink Bottle 500mL Assorted each,1.0,/,1, Promoted,Add to cart,Save to list
$14.95,Cronulla Sharks NRL TEAM Large Flip Drink Water Bottle,Sold by NPC Amusements,Add to cart,Save to list
$14.95,Cronulla Sharks NRL Tritan Drink Water Bottle with Wrist Bands,Sold by NPC Amusements,Add to cart,Save to list
$35.00,Cuisena Plastic Bunny Lunch Box Container Food Snacks Storage 21x18cm Pink,Sold by KG Superstore,Add to cart,Save to list
$35.00,Cuisena Plastic Ducky Lunch Box Container Snack Food Storage 16x13cm Yellow,Sold by KG Superstore,Add to cart,Save to list
$29.95,Cuisena Rectangular Bento Lunch Box Food Container w/ Utensils Cutlery Aqua,Sold by KG Superstore,Add to cart,Save to list
$29.95,Cuisena Rectangular Bento Lunch Box Food Container w/ Utensils Cutlery Pink,Sold by KG Superstore,Add to cart,Save to list
OUT OF STOCK,Dairy Farmers Flavoured Milk Classic Waffle Cone 500mL,Add to cart,Save to list
OUT OF STOCK,Danish Salami Mild Shaved PER KG,Add to cart,Save to list
OUT OF STOCK,Danish Salami Mild Sliced PER KG,Add to cart,Save to list
$14.65,$14.65 / 100G,DermaVeen Daily Nourish Sun Sensitive Body Moisturiser SPF50+ 100g,Sold by Healthylife,Add to cart,Save to list
$24.10,$9.64 / 100G,DermaVeen Daily Nourish Sun Sensitive Body Moisturiser SPF50+ 250g,Sold by Healthylife,Add to cart,Save to list
$18.85,$37.70 / 100ML,DermaVeen Ultra Light Day Lotion SPF50+ 50ml,Sold by Healthylife,Add to cart,Save to list
$22.45,Disney 100 Carry Bag 20cm - Blue,3.0,/,1,Sold by BIG W,Add to cart,Save to list
$22.45,Disney 100 Carry Bag 20cm - Pink,Sold by BIG W,Add to cart,Save to list
$22.45,Disney Tablet Buddy Cushion - Blue,Sold by BIG W,Add to cart,Save to list
$32.78,Double Layer Container Stainless Steel Bento Case Portable Food Picnic Lunch Box,Sold by HLT,Add to cart,Save to list
$28.00,Eco Basics Reusable Insulated Paper Snack/Lunch Bag Waterproof Storage Brown,5.0,/,1,Sold by KG Superstore,Add to cart,Save to list
$29.90,Eco Basics Reusable Lunch Jute Bag Cold/Hot Food Insulated Storage w/ Closure,Sold by KG Superstore,Add to cart,Save to list
$36.95,$33.59 / 100G,Eco.kid Organics Sun Buddy Sunscreen SPF50 110g,Sold by Healthylife,Add to cart,Save to list
$37.80,Ecology Esse Stainless Steel Water Drinking Bottle Tumbler 1L/22.5cm Blush,Sold by KG Superstore,Add to cart,Save to list
$37.80,Ecology Esse Stainless Steel Water Drinking Bottle Tumbler 1L/22.5cm Sage,Sold by KG Superstore,Add to cart,Save to list
$37.80,Ecology Esse Stainless Steel Water Drinking Bottle Tumbler 1L/22.5cm Steel,Sold by KG Superstore,Add to cart,Save to list
$39.60,Ecology Esse Stainless Steel Water Drinking Bottle Tumbler 1L/22.5cm Stone,Sold by KG Superstore,Add to cart,Save to list
SAVE $1.00,$3.50,$4.50 - $2.80 / 100G,Obela Hi-Protein To Go Jalapeno Hommus 125g,Promoted,Add to cart,Save to list
$4.00,$4.00 / 100G,Pop Box Butter Flavour Microwave Popcorn 100g,Promoted,Add to cart,Save to list
$11.00,$4.40 / 100G,Egmont Honey Manuka Honey MGO 50+ 250g,Promoted,Add to cart,Save to list
$6.00,$4.00 / 100G,The Happy Snack Company Kids Fava Beans Pizza 10 Pack,4.2,/,9, Promoted,Add to cart,Save to list
$40.00,$40.00 / 100G,Edible Beauty Australia Basking Beauty Sunscreen SPF50 100g,Sold by Healthylife,Add to cart,Save to list
$13.60,$10.88 / 100ML,Ego SunSense Comfort SPF50+ 125ml,Sold by Healthylife,Add to cart,Save to list
$20.42,$8.17 / 100ML,Ego SunSense Comfort SPF50+ 250ml,Sold by Healthylife,Add to cart,Save to list
$17.84,$17.84 / 100ML,Ego SunSense Face Ultra Light Tint SPF50+ 100ml,Sold by Healthylife,Add to cart,Save to list
$14.12,$11.30 / 100ML,Ego SunSense Performance SPF50+ 125ml,Sold by Healthylife,Add to cart,Save to list
$20.42,$8.17 / 100ML,Ego SunSense Performance SPF50+ 250ml,Sold by Healthylife,Add to cart,Save to list
$29.35,$5.87 / 100ML,Ego SunSense Performance SPF50+ 500ml,Sold by Healthylife,Add to cart,Save to list
$38.95,Elvis Presley Retro Lunchbox,Sold by Scarlett Music,Add to cart,Save to list
$19.95,$0.91 / 100ML,Enviro Products Drink Bottle Eastar Bpa Free Turquoise Frosted 2.2L,Sold by Healthylife,Add to cart,Save to list
$19.90,$0.90 / 100ML,Enviro Products Reusable Drink Bottle Blue 2.2L,Sold by Healthylife,Add to cart,Save to list
$31.24,$0.82 / 100ML,Enviro Products Reusable Drink Bottle Blue 3.8L,Sold by Healthylife,Add to cart,Save to list
$19.90,$0.90 / 100ML,Enviro Products Reusable Drink Bottle Charcoal 2.2L,Sold by Healthylife,Add to cart,Save to list
$19.95,$0.91 / 100ML,Enviro Products Reusable Drink Bottle Pink 2.2L,Sold by Healthylife,Add to cart,Save to list
$25.00,$25.00 / 100G,Ethical Zinc Daily Wear Tinted Facial Sunscreen Dark Tint SPF50 100g,Sold by Healthylife,Add to cart,Save to list
$40.90,$40.90 / 1EA,Ever Eco Bento Box Stackable Bento 2 Tier + Mini Snack Container 1200ml,Sold by Healthylife,Add to cart,Save to list
$8.35,$8.35 / 1EA,Ever Eco Drink Bottle Sip Lid,Sold by Healthylife,Add to cart,Save to list
$44.95,$4.50 / 100ML,Ever Eco Insulated Stainless Steel Bottle Balance 1L,Sold by Healthylife,Add to cart,Save to list
$40.95,$40.95 / 1EA,Ever Eco Insulated Stainless Steel Bottle Balance 750ml,Sold by Healthylife,Add to cart,Save to list
$5.00,$2.86 / 100G,Arnotts Mini Choc Chip Cookie Multipack Biscuits 7 Pack,Promoted,Add to cart,Save to list
EVERYDAY LOW PRICE,$6.50,$1.73 / 100G,Arnotts Tiny Teddy Variety Multipack Biscuits 15 Pack,Promoted,Add to cart,Save to list
$38.95,$38.95 / 1EA,Ever Eco Insulated Stainless Steel Bottle Byron Bay Lilac 750ml,Sold by Healthylife,Add to cart,Save to list
$29.95,$8.56 / 100ML,Ever Eco Insulated Stainless Steel Bottle Los Angeles Sip Lid 350ml,Sold by Healthylife,Add to cart,Save to list
$38.80,$3.88 / 100ML,Ever Eco Insulated Stainless Steel Bottle Marigold 1L,Sold by Healthylife,Add to cart,Save to list
$38.95,$38.95 / 1EA,Ever Eco Insulated Stainless Steel Bottle Onyx 750ml,Sold by Healthylife,Add to cart,Save to list
$38.95,$38.95 / 1EA,Ever Eco Insulated Stainless Steel Bottle Positano Blue 750ml,Sold by Healthylife,Add to cart,Save to list
$44.95,$4.50 / 100ML,Ever Eco Insulated Stainless Steel Bottle Rise 1L,Sold by Healthylife,Add to cart,Save to list
$6.00,$4.00 / 100G,The Happy Snack Company Roasted Fava Beans Sea Salt And Balsamic Vinegar 6 Pack,4.8,/,36, Promoted,Add to cart,Save to list
$6.00,$4.00 / 100G,The Happy Snack Company Roasted Chickpeas Lightly Salted 6 Pack,4.5,/,37, Promoted,Add to cart,Save to list
$6.00,$4.00 / 100G,The Happy Snack Company Roasted Chickpeas Lime And Cracked Pepper 6 Pack,4.6,/,20, Promoted,Add to cart,Save to list
$6.00,$4.00 / 100G,The Happy Snack Company Roasted Fava Beans Smoky Bbq 6 Pack,Promoted,Add to cart,Save to list
$40.95,$40.95 / 1EA,Ever Eco Insulated Stainless Steel Bottle Rise 750ml,Sold by Healthylife,Add to cart,Save to list
$31.95,$9.13 / 100ML,Ever Eco Insulated Stainless Steel Bottle Rise Sip Lid 350ml,Sold by Healthylife,Add to cart,Save to list
$38.80,$3.88 / 100ML,Ever Eco Insulated Stainless Steel Bottle Rose 1L,Sold by Healthylife,Add to cart,Save to list
$38.95,$38.95 / 1EA,Ever Eco Insulated Stainless Steel Bottle Rose 750ml,Sold by Healthylife,Add to cart,Save to list
$29.95,$8.56 / 100ML,Ever Eco Insulated Stainless Steel Bottle Rose Sip Lid 350ml,Sold by Healthylife,Add to cart,Save to list
$38.80,$3.88 / 100ML,Ever Eco Insulated Stainless Steel Bottle Sage 1L,Sold by Healthylife,Add to cart,Save to list
$38.95,$38.95 / 1EA,Ever Eco Insulated Stainless Steel Bottle Sage 750ml,Sold by Healthylife,Add to cart,Save to list
$29.95,$8.56 / 100ML,Ever Eco Insulated Stainless Steel Bottle Sage Sip Lid 350ml,Sold by Healthylife,Add to cart,Save to list
$54.95,$54.95 / 1EA,Ever Eco Insulated Stainless Steel Food Jar Onyx 800ml,Sold by Healthylife,Add to cart,Save to list
$49.95,$9.99 / 100ML,Ever Eco Insulated Stainless Steel Food Jar Rose 500ml,Sold by Healthylife,Add to cart,Save to list
$54.95,$54.95 / 1EA,Ever Eco Insulated Stainless Steel Food Jar Rose 800ml,Sold by Healthylife,Add to cart,Save to list
$54.95,$54.95 / 1EA,Ever Eco Insulated Stainless Steel Food Jar Sage 800ml,Sold by Healthylife,Add to cart,Save to list
$14.95,$3.74 / 1EA,Ever Eco Silicone Drinking Straws Straight Pastel Collection 4 Pack,Sold by Healthylife,Add to cart,Save to list
$54.95,$54.95 / 1EA,Ever Eco Stainless Steel XL Stackable Bento Box 2 Tier + Mini Snack Container 1900ml,Sold by Healthylife,Add to cart,Save to list
$22.00,FUNtainer Replacement Childrens Mouthpieces & Straws for B2010 & F400 bottles,Sold by KG Superstore,Add to cart,Save to list
$29.00,FUNtainer Vacuum Insulated Stainless Steel Drink Bottle Whimsical Cloud 355ml,Sold by KG Superstore,Add to cart,Save to list
$45.90,Fabelab Blue Spruce 480ml Stainless Steel Water Bottle Hot/Cold Kids 3y+ Large,Sold by KG Superstore,Add to cart,Save to list
$45.90,Fabelab Caramel 480ml Stainless Steel Water Bottle Hot/Cold Drink Kids 3y+ Large,Sold by KG Superstore,Add to cart,Save to list
$28.99,Go Gourmet Lunch Tote Insulated Carry Bag Container Food Storage Neo-Leaf,Sold by Auspoints,Add to cart,Save to list
$6.20,$7.38 / 100G,Table Of Plenty Mini Rice Cakes Milk Chocolate Snack Packs 6 pack,Promoted,Add to cart,Save to list
$3.30,$3.14 / 100G,Sunbites Sea Salt Snack Crackers With Quinoa Share Pack 105g,4.7,/,55, Promoted,Add to cart,Save to list
SAVE $1.30,$4.70,$6.00 - $3.09 / 100G,Nature Valley Salted Caramel Protein Bars 4 pack,Promoted,Add to cart,Save to list
SAVE $1.50,$3.50,$5.00 - $1.75 / 100G,Arnotts Shapes Multipack Cracker Biscuits Mini Chicken Crimpy 8 pack,Promoted,Add to cart,Save to list
$79.95,GoBe 2 in 1 Lunchbox Blue,Sold by PurpleSpoilz,Add to cart,Save to list
$79.95,GoBe 2 in 1 Lunchbox Pink,Sold by PurpleSpoilz,Add to cart,Save to list
$79.95,GoBe 2 in 1 Lunchbox Purple,Sold by PurpleSpoilz,Add to cart,Save to list
$87.50,GoBe 2-in-1 Lunchbox With Original Snack Spinner - Blue,Sold by Knives Online,Add to cart,Save to list
$87.50,GoBe 2-in-1 Lunchbox With Original Snack Spinner - Green,Sold by Knives Online,Add to cart,Save to list
$87.50,GoBe 2-in-1 Lunchbox With Original Snack Spinner - Pink,Sold by Knives Online,Add to cart,Save to list
$87.50,GoBe 2-in-1 Lunchbox With Original Snack Spinner - Purple,Sold by Knives Online,Add to cart,Save to list
$20.50,GoBe Hand Strap Accessory - Blue,Sold by Knives Online,Add to cart,Save to list
$20.50,GoBe Hand Strap Accessory - Green,Sold by Knives Online,Add to cart,Save to list
$20.50,GoBe Hand Strap Accessory - Pink,Sold by Knives Online,Add to cart,Save to list
$20.50,GoBe Hand Strap Accessory - Purple,Sold by Knives Online,Add to cart,Save to list
$20.50,GoBe Kids Sticker Sheet,Sold by Knives Online,Add to cart,Save to list
$72.50,GoBe Large Snack Spinner - Blue,Sold by Knives Online,Add to cart,Save to list
$72.50,GoBe Large Snack Spinner - Green,Sold by Knives Online,Add to cart,Save to list
$72.50,GoBe Large Snack Spinner - Pink,Sold by Knives Online,Add to cart,Save to list
$72.50,GoBe Large Snack Spinner - Purple,Sold by Knives Online,Add to cart,Save to list
$65.95,GoBe Large Snack Spinner Blue,Sold by PurpleSpoilz,Add to cart,Save to list
$65.95,GoBe Large Snack Spinner Green,Sold by PurpleSpoilz,Add to cart,Save to list
EVERYDAY LOW PRICE,$10.00,$1.98 / 100G,Nature Valley Crunchy Family Variety Granola Bars 42g x 12 pack,Promoted,Add to cart,Save to list
SAVE $1.30,$4.70,$6.00 - $3.09 / 100G,Nature Valley Peanut & Chocolate Protein Bars 4 pack,Promoted,Add to cart,Save to list
$6.00,$4.00 / 100G,The Happy Snack Company Roasted Fava Beans Red Pepper & Chilli 6 Pack,4.8,/,18, Promoted,Add to cart,Save to list
$3.70,$3.70 / 1EA,Sistema Klip It Plus Rectangle 400ml,5.0,/,1, Promoted,Add to cart,Save to list
$55.95,GoBe Original Snack Spinner Pink,Sold by PurpleSpoilz,Add to cart,Save to list
$55.95,GoBe Original Snack Spinner Purple,Sold by PurpleSpoilz,Add to cart,Save to list
$30.00,Good Banana Bento Box 19.5cm Food Storage Kids Lunch Meal Container Avocado,Sold by KG Superstore,Add to cart,Save to list
$34.00,Good Vibes Durable Lunch Cooler Bag Companion Sorrento Palm Print 20x16x21cm,Sold by KG Superstore,Add to cart,Save to list
$37.00,Good Vibes Durable Lunch Cooler Stroage Bag Companion Havana Print 20x16x21cm,Sold by KG Superstore,Add to cart,Save to list
$32.00,Good Vibes Durable Neoprene Portable Lunch Bag 30x30x15cm Blush Palm Print,Sold by KG Superstore,Add to cart,Save to list
$35.00,Good Vibes Durable Neoprene Portable Lunch Bag 30x30x15cm Havana Print,Sold by KG Superstore,Add to cart,Save to list
$35.00,Good Vibes Durable Neoprene Portable Lunch Bag 30x30x15cm Mediterranean Print,Sold by KG Superstore,Add to cart,Save to list
$35.00,Good Vibes Durable Neoprene Portable Lunch Bag 30x30x15cm Peacock Paradise Print,Sold by KG Superstore,Add to cart,Save to list
$32.00,Good Vibes Durable Neoprene Portable Lunch Bag 30x30x15cm Retro Summer Print,Sold by KG Superstore,Add to cart,Save to list
$35.00,Good Vibes Durable Neoprene Portable Lunch Bag 30x30x15cm Sorrento Palm Print,Sold by KG Superstore,Add to cart,Save to list
$39.99,Good Vibes Insulated Durable Lunch Bag Satchel Blush Palm Print 25x22x16cm,Sold by KG Superstore,Add to cart,Save to list
$39.99,Good Vibes Insulated Durable Lunch Bag Satchel Havana Print 25x22x16cm,Sold by KG Superstore,Add to cart,Save to list
$39.99,Good Vibes Insulated Durable Lunch Bag Satchel Mediterranean Print 25x22x16cm,Sold by KG Superstore,Add to cart,Save to list
$39.99,Good Vibes Insulated Durable Lunch Bag Satchel Retro Summer Print 25x22x16cm,Sold by KG Superstore,Add to cart,Save to list
$35.99,Good Vibes Insulated Durable Lunch Bag Satchel Sorrento Palm Print 25x22x16cm,Sold by KG Superstore,Add to cart,Save to list
$39.99,Good Vibes Insulated Lunch Bag Satchel Peacock Paradise Print 25x22x16cm,Sold by KG Superstore,Add to cart,Save to list
$37.00,Good Vibes Lunch Cooler Stroage Bag Companion Blush Palm Print 20x16x21cm,Sold by KG Superstore,Add to cart,Save to list
$20.42,$4.08 / 100ML,Hamilton Sunscreen Active Family SPF50 500ml,Sold by Healthylife,Add to cart,Save to list
OUT OF STOCK,Hans Strassburg PER KG,Add to cart,Save to list
$15.00,$15.00 / 1EA,Sistema Klip It Plus Rectangle 1l 3 Pack,5.0,/,1, Promoted,Add to cart,Save to list
$5.00,$1.32 / 100G,Uno Penotti Hazelnut Spread 380g,Promoted,Add to cart,Save to list
SAVE $2.20,$4.70,$6.90 - $1.87 / 100G,Nature Valley Crunchy Variety Granola Bars 42g x 6 pack,Promoted,Add to cart,Save to list
$3.80,$4.18 / 100G,Sakata Stars Snack Sized Cheese Rice Crackers Multipack 13g x 7 Pack,Promoted,Add to cart,Save to list
$198.95,HeatsBox Go Portable Lunchbox Battery Powered Smart Heated,5.0,/,2,Sold by SuperOffice,Add to cart,Save to list
$69.95,HeatsBox Inner Dish Container Lunchbox Set HeatsBox Go/Style+ Pack 2,Sold by SuperOffice,Add to cart,Save to list
$119.95,HeatsBox Style+ Portable Lunchbox Smart Heated,Sold by SuperOffice,Add to cart,Save to list
$219.00,Heatsbox GO Battery Portable Smart Heated Lunchbox - Grey,Sold by Gravitech,Add to cart,Save to list
OUT OF STOCK,Helga's Mediterranean Herb Wraps 7 pack,View similar,products,             to Helga's Mediterranean Herb Wraps 7 pack,Save to list
$49.95,Hiking Sports Camping Insulated Water Canteen Plastic,Sold by OliandOla,Add to cart,Save to list
$32.95,Hinkler Explore Kawaii Sushi & Bento Box Recipe Book and Making Kit Set,Sold by KG Superstore,Add to cart,Save to list
$19.00,Hip 24cm 23Oz/1.1L Salad Bowl Plastic Storage Food/Snack Container w/ Lid Cloud,Sold by KG Superstore,Add to cart,Save to list
$26.00,Hoklan 750ml Collapsible Sports Water Bottle Travel Camping Blue,Sold by Elite Electronics,Add to cart,Save to list
$26.00,Hoklan 750ml Collapsible Sports Water Bottle Travel Camping Pink,Sold by Elite Electronics,Add to cart,Save to list
$39.99,HydraPak 1L Recon Confetti Drink Bottle Hydration Water Container Evergreen/Lime,Sold by KG Superstore,Add to cart,Save to list
$107.10,HydraPak Reusable 1.5L Flux Water Bottle Drinking Container w/ Filter Kit Clear,Sold by KG Superstore,Add to cart,Save to list
$62.95,Hydrapak 1.5L Flexible Travel Water Drink Bottle Storage Container Mammoth Grey,Sold by KG Superstore,Add to cart,Save to list
$53.10,Hydrapak Flux Outdoor/Hiking Flexible Water Drink Bottle/Flask Tahoe Blue 1L,Sold by KG Superstore,Add to cart,Save to list
$40.50,Hydrapak Recon 1L Water Bottle Drinking/Hydration Travel Camping/Hiking Blue,Sold by KG Superstore,Add to cart,Save to list
$40.50,Hydrapak Recon 1L Water Bottle Drinking/Hydration Travel Camping/Hiking Lime,Sold by KG Superstore,Add to cart,Save to list
$40.50,Hydrapak Recon 1L Water Bottle Drinking/Hydration Travel Camping/Hiking White,Sold by KG Superstore,Add to cart,Save to list
$38.00,Hydrapak Recon 750ml Water Bottle Drinking/Hydration Travel Camping/Hiking Blue,Sold by KG Superstore,Add to cart,Save to list
$225.00,KELTY Folding Cooler Storage Bag - Fits 48 Cans,Sold by Boutique Retailer,Add to cart,Save to list
$25.00,Kambukka 500ml Elton Tritan Sports Water Drink Bottle w/ Lid Pink Pearl Blush,Sold by KG Superstore,Add to cart,Save to list
$24.00,Kuvings Glass Sports Travel Water Drink Bottle With Handle - 600ml - Green,Sold by KG Superstore,Add to cart,Save to list
$24.00,Kuvings Glass Sports Travel Water Drink Bottle With Handle - 600ml - Grey,Sold by KG Superstore,Add to cart,Save to list
$30.00,Kuvings Glass Water Drinking Bottle With Citrine Crystals 500 ml - Joy,Sold by KG Superstore,Add to cart,Save to list
$30.00,Kuvings Glass Water Drinking Bottle With Rose Quartz Crystals 500ml - Love,Sold by KG Superstore,Add to cart,Save to list
$27.00,Kuvings Motivational Sports Bottle with Bamboo Lid & Silicone Sleeve 1L - Pink,Sold by KG Superstore,Add to cart,Save to list
$98.10,LARQ 1L/340z Swig Top Hydration Double Insulated Granite White Drink Bottle,Sold by KG Superstore,Add to cart,Save to list
SAVE $6.60,$15.40,$22.00 - $17.50 / 100ML,Neutrogena Ultra Sheer Face Lotion Sunscreen Spf 50 88ml,Promoted,Add to cart,Save to list
$25.00,DESIGNS MAY VARY,Contigo Kids Aubrey Water Bottle Assorted each,Promoted,Add to cart,Save to list
$29.00,$29.00 / 100ML,Invisible Zinc Sport Spf 50+ Mineral Sunscreen Cream 100g,Promoted,Add to cart,Save to list
$18.00,$21.18 / 100ML,Neutrogena Ultra Sheer Body Lotion Sunscreen Spf 50 85ml,Promoted,Add to cart,Save to list
$105.30,LARQ 1L/34oz Swig Top Hydration Double Insulated Eucalyptus Green Drink Bottle,Sold by KG Superstore,Add to cart,Save to list
$107.10,LARQ 1L/34oz Swig Top Hydration Double Insulated Obsidian Black Drink Bottle,Sold by KG Superstore,Add to cart,Save to list
$39.60,LARQ 500ml Limited Edition On The Go Portable Bottle Carry Sleeve Heather Grey,Sold by KG Superstore,Add to cart,Save to list
$39.60,LARQ 740ml Limited Edition On The Go Portable Bottle Carry Sleeve Heather Grey,Sold by KG Superstore,Add to cart,Save to list
$89.10,LARQ 740ml/25oz Flip Top Hydration Double Insulated Drink Bottle Obsidian Black,Sold by KG Superstore,Add to cart,Save to list
$89.10,LARQ 740ml/25oz Flip Top Hydration Double Insulated Drink Bottle Seaside Mint,Sold by KG Superstore,Add to cart,Save to list
$39.60,LARQ Active Loop Premium Drink Water Bottle Portable Carry/Protection Clip Black,Sold by KG Superstore,Add to cart,Save to list
$44.10,LARQ Active Loop Premium Drink Water Bottle Portable Carry/Protection Clip White,Sold by KG Superstore,Add to cart,Save to list
$125.10,LARQ Filtered 740ml/25oz Hydration Double Insulated Drink Bottle Granite White,Sold by KG Superstore,Add to cart,Save to list
$103.50,LARQ Filtered Double Wall Metal Water Drink Bottle Granite White 500ml/17oz,Sold by KG Superstore,Add to cart,Save to list
$107.10,LARQ Filtered Double Wall Metal Water Drink Bottle Obsidian Black 500ml/17oz,Sold by KG Superstore,Add to cart,Save to list
$62.10,LARQ Insulated Double Wall Metal Water Drink Bottle Granite White 500ml/17oz,Sold by KG Superstore,Add to cart,Save to list
$78.30,LARQ Insulated Double Wall Metal Water Drink Bottle Granite White 740ml/25oz,Sold by KG Superstore,Add to cart,Save to list
$62.10,LARQ Insulated Double Wall Metal Water Drink Bottle Himalayan Pink 500ml/17oz,Sold by KG Superstore,Add to cart,Save to list
$62.10,LARQ Insulated Double Wall Metal Water Drink Bottle Monaco Blue 500ml/17oz,Sold by KG Superstore,Add to cart,Save to list
$78.30,LARQ Insulated Double Wall Metal Water Drink Bottle Monaco Blue 740ml/25oz,Sold by KG Superstore,Add to cart,Save to list
$62.10,LARQ Insulated Double Wall Metal Water Drink Bottle Obsidian Black 500ml/17oz,Sold by KG Superstore,Add to cart,Save to list
$78.30,LARQ Insulated Double Wall Metal Water Drink Bottle Obsidian Black 740ml/25oz,Sold by KG Superstore,Add to cart,Save to list
$78.30,LARQ Insulated Double Wall Metal Water Drink Bottle Seaside Mint 740ml/25oz,Sold by KG Superstore,Add to cart,Save to list
$161.10,LARQ PureVis Movement Water Drink Bottle Terra Edition Black/Pine 950ml/32 oz,Sold by KG Superstore,Add to cart,Save to list
$125.10,LARQ Purevis UV-C Ultraviolet Replacement Drink Water Bottle Cap Granite White,Sold by KG Superstore,Add to cart,Save to list
$121.50,LARQ Purevis UV-C Ultraviolet Replacement Drink Water Bottle Cap Himalayan Pink,Sold by KG Superstore,Add to cart,Save to list
$121.50,LARQ Purevis UV-C Ultraviolet Replacement Drink Water Bottle Cap Monaco Blue,Sold by KG Superstore,Add to cart,Save to list
$3.45,$138.00 / 1KG,Kooee Sticks Organic Beef Sea Salt 25g,Promoted,Add to cart,Save to list
SAVE $1.50,$3.50,$5.00 - $1.75 / 100G,Arnotts Shapes Multipack Cracker Biscuits Vegemite & Cheese 8 pack,5.0,/,1, Promoted,Add to cart,Save to list
$28.00,$9.33 / 100ML,Nivea Sun Protect & Moisture Lock Spf50+ Sunscreen Spray 300ml,Promoted,Add to cart,Save to list
SAVE $5.40,$8.10,$13.50,Sistema Hydrate Active Shaker 750ml Each,Promoted,Add to cart,Save to list
$121.50,LARQ Purevis UV-C Ultraviolet Replacement Drink Water Bottle Cap Obsidian Black,Sold by KG Superstore,Add to cart,Save to list
$121.50,LARQ Purevis UV-C Ultraviolet Replacement Drink Water Bottle Cap Seaside Mint,Sold by KG Superstore,Add to cart,Save to list
$44.10,LARQ Purifying Nano Zero Replacement Filter for Filtered Water Drink Bottle,Sold by KG Superstore,Add to cart,Save to list
$29.00,LVD 33cm Polyester Wine Cooler Bag Isla Outdoor/Picnic Bottle Holder w/ Handle,Sold by KG Superstore,Add to cart,Save to list
$37.00,Ladelle Jungle 23cm Insulated Kids/Children PEVA Zip Lunch Prep Bag w/Bottle Net,Sold by KG Superstore,Add to cart,Save to list
$36.00,Ladelle Ocean 23cm Insulated Kids/Children PEVA Zip Lunch Prep Bag w/Bottle Net,Sold by KG Superstore,Add to cart,Save to list
$37.00,Ladelle Woodland Insulated Kids/Children PEVA Zip Lunch Prep Bag w/Bottle Net,Sold by KG Superstore,Add to cart,Save to list
$21.99,Large 64oz Half Gallon Sports Collapsible Water Bottle Green,Sold by deal365,Add to cart,Save to list
$16.89,Large Capacity 2L Sports Water Bottle Straw Time Motivational Fitness Jugs Set,Sold by Costcom Australia,Add to cart,Save to list
$16.99,Large Capacity 2L Sports Water Bottle Straw Time Motivational Fitness Purple,Sold by Costcom Australia,Add to cart,Save to list
$28.88,Large Water Bottle Cap Drink Kettle Sport Gym Training Workout - 2.2L,Sold by HLT,Add to cart,Save to list
$29.95,Lazy Dayz 300ml Slimline Insulated Drink Bottle - Orange Pink Ombre,Sold by Living Today,Add to cart,Save to list
$29.95,Lazy Dayz 300ml Slimline Insulated Drink Bottle - Pink Blue Ombre,Sold by Living Today,Add to cart,Save to list
$29.95,Lazy Dayz 300ml Slimline Insulated Drink Bottle - Yellow Peach Ombre,Sold by Living Today,Add to cart,Save to list
$29.95,Lazy Dayz Daily Drink Bottle 500ml - Orange Pink Ombre,2.0,/,1,Sold by Living Today,Add to cart,Save to list
$29.95,Lazy Dayz Daily Drink Bottle 500ml - Yellow Peach Ombre,Sold by Living Today,Add to cart,Save to list
$24.95,Lazy Dayz Flat Bottle 380ml - Blue,Sold by Living Today,Add to cart,Save to list
$24.95,Lazy Dayz Flat Bottle 380ml - Pink,Sold by Living Today,Add to cart,Save to list
$39.95,Lazy Dayz Spartan Drink Bottle 480ml - Orange Pink Ombre,Sold by Living Today,Add to cart,Save to list
$39.95,Lazy Dayz Spartan Drink Bottle 480ml - Pink Blue Ombre,Sold by Living Today,Add to cart,Save to list
$39.95,Lazy Dayz Spartan Drink Bottle 480ml - Yellow Peach Ombre,Sold by Living Today,Add to cart,Save to list
SAVE $5.60,$8.40,$14.00,DESIGNS MAY VARY,Sistema ActiveTritan Bottle 800mL Assorted Each,4.3,/,6, Promoted,Add to cart,Save to list
$28.00,$7.00 / 100ML,Nivea Sun Protect & Moisture Lock Spf50+ Sunscreen 400ml,Promoted,Add to cart,Save to list
$28.00,$9.33 / 100ML,Nivea Sun Ultra Sport Cooling Sunscreen Trigger Spray Spf50+ 300ml,Promoted,Add to cart,Save to list
$21.50,$10.75 / 100ML,Nivea Sun Protect & Moisture Lock Spf50+ Sunscreen 200ml,Promoted,Add to cart,Save to list
$19.95,Lazy Dayz Sports Bottle 750ml - Blue,Sold by Living Today,Add to cart,Save to list
$19.95,Lazy Dayz Sports Bottle 750ml - Pink,Sold by Living Today,Add to cart,Save to list
$12.55,$17.93 / 100ML,Le Tan SPF50+ BB Cream Light Tint 70ml,Sold by Healthylife,Add to cart,Save to list
$32.99,$3.30 / 100ML,Le Tan SPF50+ Coconut Sunscreen 1 Litre,Sold by Healthylife,Add to cart,Save to list
$18.85,$7.54 / 100ML,Le Tan SPF50+ Coconut Sunscreen Spray 250ml,Sold by Healthylife,Add to cart,Save to list
$10.45,$14.93 / 100ML,Le Tan SPF50+ Face Sensitive Sunscreen 70ml,Sold by Healthylife,Add to cart,Save to list
$25.00,Lock&lock Classic 690ml One Touch Mixer Drink Water Bottle Container Round Blue,Sold by KG Superstore,Add to cart,Save to list
$27.00,LocknLock To-Go 2-Way Food Container Storage w/ Fork Utensil 17.6cm Aqua,Sold by KG Superstore,Add to cart,Save to list
$27.00,LocknLock To-Go 2-Way Food Container Storage w/ Fork Utensil 17.6cm Black,Sold by KG Superstore,Add to cart,Save to list
$27.00,LocknLock To-Go 2-Way Food Container Storage w/ Fork Utensil 17.6cm Hot Pink,Sold by KG Superstore,Add to cart,Save to list
$39.00,Locknlock 1.5L To-Go 3-Compratment Airtight Bento Box Lunchbox Food Storage Mint,Sold by KG Superstore,Add to cart,Save to list
$29.00,Locknlock 950ml Classic Special Salad Stackable Food Lunch Box w/ Divider Clear,Sold by KG Superstore,Add to cart,Save to list
$35.00,Locknlock 980ml To-Go 3-Compratment Airtight Bento Box Lunchbox Storage Mint,Sold by KG Superstore,Add to cart,Save to list
$35.00,Locknlock 980ml To-Go 3-Compratment Airtight Bento Box Lunchbox Storage Pink,Sold by KG Superstore,Add to cart,Save to list
$39.00,Lonsdale Insulated Water Bottle 12 Qty,Sold by World Fitness,Add to cart,Save to list
$47.00,$31.33 / 100G,Lullaby Skincare Sunscreen for Sensitive Skin SPF50+ 150g,Sold by Healthylife,Add to cart,Save to list
$43.15,Lunch Box Food Containers Microwave Stainless Portable Dinnerware-Green,Sold by Acos Ecommerce Group,Add to cart,Save to list
$15.00,Mambo Dog Print Cooler Bag - Black & White,Sold by BIG W,Add to cart,Save to list
$15.00,Mambo Hardy Cooler Bag - Multi,Sold by BIG W,Add to cart,Save to list
$39.95,Manly Sea Eagles NRL 3.70L Team Logo Tritan Water Drink Bottle,Sold by NPC Amusements,Add to cart,Save to list
$38.95,Manly Warringah Sea Eagles NRL Stainless Steel Double Walled Water Drink Bottle,Sold by NPC Amusements,Add to cart,Save to list
$14.95,Manly Warringah Sea Eagles NRL Tritan Drink Water Bottle with Wrist Bands,Sold by NPC Amusements,Add to cart,Save to list
$19.00,Marcus & Marcus Blue Collapsible Snack Container Food Stroage Box w/Lid Silicone,Sold by KG Superstore,Add to cart,Save to list
$25.00,Marcus & Marcus Green Collapsible Snack Container Food Stroage w/Lid Silicone,Sold by KG Superstore,Add to cart,Save to list
$2.70,$1.93 / 100G,Vitasoy Greek Style Soy Yogurt Hint Of Strawberry 140g,Promoted,Add to cart,Save to list
$9.50,$3.80 / 100G,Egmont Honey Manuka Honey MGO 30+ 250g,Promoted,Add to cart,Save to list
SAVE $9.10,$13.65,$22.75,DESIGNS MAY VARY,Sistema Stainless Steel Water Drink Bottle 500mL Assorted each,1.0,/,1, Promoted,Add to cart,Save to list
SAVE $1.00,$3.50,$4.50 - $2.80 / 100G,Obela Hi-Protein To Go Jalapeno Hommus 125g,Promoted,Add to cart,Save to list
$19.00,Marcus & Marcus Lilac Collapsible Snack Container Food Stroage Box Silicone,Sold by KG Superstore,Add to cart,Save to list
$27.00,Marcus & Marcus Lucas Hippo 450ml Self Feeding Suction Bowl w/ Lid 12-18m Pink,Sold by KG Superstore,Add to cart,Save to list
$25.00,Marcus & Marcus Red Collapsible Snack Container Food Stroage Box w/Lid Silicone,Sold by KG Superstore,Add to cart,Save to list
$19.00,Marcus & Marcus Yellow Collapsible Snack Container Food Stroage w/Lid Silicone,Sold by KG Superstore,Add to cart,Save to list
$36.90,Melbourne Storm NRL Insulated School Lunch Box dome Cooler BAG,Sold by NPC Amusements,Add to cart,Save to list
$23.95,Melii Animal Snack Container Bulldog,Sold by PurpleSpoilz,Add to cart,Save to list
$23.95,Melii Animal Snack Container Cat,Sold by PurpleSpoilz,Add to cart,Save to list
$23.95,Melii Animal Snack Container Dinosaur,Sold by PurpleSpoilz,Add to cart,Save to list
$31.95,Melii Luxe 12 Compartment Snackle Box Pink,Sold by PurpleSpoilz,Add to cart,Save to list
$31.95,Melii Luxe 12 Compartment Snackle Box Pink,Sold by PurpleSpoilz,Add to cart,Save to list
$25.95,Melii Luxe 4 Compartment Snackle Box Blue,Sold by PurpleSpoilz,Add to cart,Save to list
$27.00,Melii Luxe 4 Compartment Snackle Box Food Safe Storage Snack Container Blue,Sold by KG Superstore,Add to cart,Save to list
$25.00,Melii Luxe 4 Compartment Snackle Box Food Safe Storage Snack Container Ivory,Sold by KG Superstore,Add to cart,Save to list
$27.00,Melii Luxe 4 Compartment Snackle Box Food Safe Storage Snack Container Pink,Sold by KG Superstore,Add to cart,Save to list
$25.95,Melii Luxe 4 Compartment Snackle Box Ivory,Sold by PurpleSpoilz,Add to cart,Save to list
$25.95,Melii Luxe 4 Compartment Snackle Box Pink,Sold by PurpleSpoilz,Add to cart,Save to list
$28.95,Melii Luxe 6 Compartment Snackle Box Mini Ivory,Sold by PurpleSpoilz,Add to cart,Save to list
$28.95,Melii Luxe 6 Compartment Snackle Box Mini Pink,Sold by PurpleSpoilz,Add to cart,Save to list
$25.95,Melii Luxe Silicone Straw Bottle 230ml Blue,Sold by PurpleSpoilz,Add to cart,Save to list
$25.95,Melii Luxe Silicone Straw Bottle 230ml Ivory,Sold by PurpleSpoilz,Add to cart,Save to list
$25.95,Melii Luxe Silicone Straw Bottle 230ml Pink,Sold by PurpleSpoilz,Add to cart,Save to list
$27.00,Melii Luxe Silicone Water Bottle w/ Drinking Straw Beverage Container Blue,Sold by KG Superstore,Add to cart,Save to list
$4.00,$4.00 / 100G,Pop Box Butter Flavour Microwave Popcorn 100g,Promoted,Add to cart,Save to list
$11.00,$4.40 / 100G,Egmont Honey Manuka Honey MGO 50+ 250g,Promoted,Add to cart,Save to list
$6.00,$4.00 / 100G,The Happy Snack Company Kids Fava Beans Pizza 10 Pack,4.2,/,9, Promoted,Add to cart,Save to list
$6.00,$4.00 / 100G,The Happy Snack Company Roasted Chickpeas Lime And Cracked Pepper 6 Pack,4.6,/,20, Promoted,Add to cart,Save to list
$27.00,Melii Luxe Silicone Water Bottle w/ Drinking Straw Beverage Container Pink,Sold by KG Superstore,Add to cart,Save to list
$27.00,Melii Luxe Silicone Water Bottle w/ Drinking Straw Drink Container Ivory,Sold by KG Superstore,Add to cart,Save to list
$29.95,Melii Luxe Spin Snack Container Blue,Sold by PurpleSpoilz,Add to cart,Save to list
$29.95,Melii Luxe Spin Snack Container Pink,Sold by PurpleSpoilz,Add to cart,Save to list
$39.95,Melii Snackle Box XL Food Storage Box - Blue,Sold by PurpleSpoilz,Add to cart,Save to list
$39.95,Melii Snackle Box XL Food Storage Box - Ivory,Sold by PurpleSpoilz,Add to cart,Save to list
$39.95,Melii Snackle Box XL Food Storage Box - Pink,Sold by PurpleSpoilz,Add to cart,Save to list
$28.95,Melii Snap & Go Pods 118ml Set 4,Sold by PurpleSpoilz,Add to cart,Save to list
$32.95,Melii Snap & Go Pods 177ml Set 4,Sold by PurpleSpoilz,Add to cart,Save to list
$28.95,Melii Snap & Go Pods 59ml Set 6,Sold by PurpleSpoilz,Add to cart,Save to list
$49.95,Mepal Large Bento Lunchbox - Blue,Sold by PurpleSpoilz,Add to cart,Save to list
$49.95,Mepal Large Bento Lunchbox - Green,Sold by PurpleSpoilz,Add to cart,Save to list
$42.95,Mepal Small Bento Lunchbox - Blue,Sold by PurpleSpoilz,Add to cart,Save to list
$43.95,Mepal Small Bento Lunchbox - Green,Sold by PurpleSpoilz,Add to cart,Save to list
$49.50,Mepal Take a Break Bento Lunch Box - Large Nordic Blue,Sold by Knives Online,Add to cart,Save to list
$49.50,Mepal Take a Break Bento Lunch Box - Large Nordic Sage,Sold by Knives Online,Add to cart,Save to list
$42.50,Mepal Take a Break Bento Lunch Box - Medium Nordic Blue,Sold by Knives Online,Add to cart,Save to list
$42.50,Mepal Take a Break Bento Lunch Box - Medium Nordic Sage,Sold by Knives Online,Add to cart,Save to list
$38.50,Mepal Take a Break Lunch Box - Medium Nordic Sage,Sold by Knives Online,Add to cart,Save to list
$39.95,Milleni Compact Electrolight Packing Cubes Travel Space Saving Bags in Grey,Sold by Boutique Retailer,Add to cart,Save to list
$39.95,Milleni Compact Electrolight Packing Cubes Travel Space Saving Bags in Red,Sold by Boutique Retailer,Add to cart,Save to list
$41.35,Minecraft 500ml Metal Water Bottle Double Walled Travel Drinking Tumbler Silver,Sold by KG Superstore,Add to cart,Save to list
$49.00,Mineral Maker MORBIDO Alkaline Filter Water Bottle + a Mineral Stone Pouch BLUE,Sold by Princess Trade,Add to cart,Save to list
$6.00,$4.00 / 100G,The Happy Snack Company Roasted Fava Beans Sea Salt And Balsamic Vinegar 6 Pack,4.8,/,36, Promoted,Add to cart,Save to list
$6.00,$4.00 / 100G,The Happy Snack Company Roasted Chickpeas Lightly Salted 6 Pack,4.5,/,37, Promoted,Add to cart,Save to list
$6.00,$4.00 / 100G,The Happy Snack Company Roasted Fava Beans Smoky Bbq 6 Pack,Promoted,Add to cart,Save to list
$6.00,$3.00 / 100G,The Happy Snack Company Roasted Chickpeas Lightly Salted 200g,4.2,/,21, Promoted,Add to cart,Save to list
$49.00,Mineral Maker MORBIDO Alkaline Filter Water Bottle + a Mineral Stone Pouch GREEN,Sold by Princess Trade,Add to cart,Save to list
$69.95,Monbento Mb Original Graphic 1L Lunch Bento Box Food Container-Blue Sky,Sold by Hello Kitchen,Add to cart,Save to list
$44.95,Monbento Mb Slim Nest Stainless Steel Cutlery Set - Trio Stick Grey,Sold by Hello Kitchen,Add to cart,Save to list
OUT OF STOCK,Montague Sparkling Apple Juice 300ml x4 Pack,Add to cart,Save to list
$36.00,Munchkin C'est Silicone Fold Away Snack Catcher w/Lid & Grab Handle (Mint) 6M+,Sold by KG Superstore,Add to cart,Save to list
$24.95,Mushroom Tin Lunch Box,Sold by The Gamesmen,Add to cart,Save to list
$45.00,NASA Large Fun Box Lunch Food Picnic Container,Sold by Boutique Retailer,Add to cart,Save to list
$22.52,$32.17 / 100ML,Natural Instinct Clean Tinted Fluid Sunscreen SPF50 70ml,Sold by Healthylife,Add to cart,Save to list
$25.00,$28.41 / 100ML,Neutrogena Sheer Sunscreen Lotion SPF50 88ml,Sold by Healthylife,Add to cart,Save to list
$25.00,$42.37 / 100ML,Neutrogena Sheer Zinc Face Dry Touch Sunscreen Lotion SPF50 59ml,Sold by Healthylife,Add to cart,Save to list
$24.10,$57.38 / 100G,Neutrogena Sheer Zinc Mineral Sunscreen Stick SPF50 42g,Sold by Healthylife,Add to cart,Save to list
$25.68,Nevenka 4 Pack Cup Lids Food Grade Silicone Cup Spill-Proof Reusable Coffee Mug Covers-Set3,Sold by Y Warehouse Pty Ltd,Add to cart,Save to list
$25.68,Nevenka 6 Pack Cup Lids Food Grade Silicone Cup Spill-Proof Reusable Coffee Mug Covers-Set2,Sold by Y Warehouse Pty Ltd,Add to cart,Save to list
$47.28,Nevenka Hydrogen Water Bottle Generator with SPE PEM Technology Improve Water in 3 Minutes for Home Office and Travel-Blue,Sold by Y Warehouse Pty Ltd,Add to cart,Save to list
$47.28,Nevenka Hydrogen Water Bottle Generator with SPE PEM Technology Improve Water in 3 Minutes for Home Office and Travel-Red,Sold by Y Warehouse Pty Ltd,Add to cart,Save to list
$47.28,Nevenka Hydrogen Water Bottle Generator with SPE PEM Technology Improve Water in 3 Minutes for Home Office and Travel-RoseRed,Sold by Y Warehouse Pty Ltd,Add to cart,Save to list
$47.28,Nevenka Hydrogen Water Bottle Generator with SPE PEM Technology Improve Water in 3 Minutes for Home Office and Travel-Sliver,Sold by Y Warehouse Pty Ltd,Add to cart,Save to list
$33.99,New Trudeau Fuel Salad On The Go Container W/ Ice Pack Fruit Food Storage,Sold by Auspoints,Add to cart,Save to list
$36.90,New Zealand NZ Warriors NRL Insulated School Lunch Box dome Cooler BAG,Sold by NPC Amusements,Add to cart,Save to list
$39.95,Newcastle Knights NRL 3.70L Team Logo Tritan Water Drink Bottle,Sold by NPC Amusements,Add to cart,Save to list
$14.95,Newcastle Knights NRL Tritan Drink Water Bottle with Wrist Bands,Sold by NPC Amusements,Add to cart,Save to list
$19.00,Nike Sport Water Bottle 600mL - Black,Sold by BIG W,Add to cart,Save to list
$19.00,Nike Sport Water Bottle 600mL - Blue Lagoon,Sold by BIG W,Add to cart,Save to list
$19.00,Nike Sport Water Bottle 600mL - Vivid Purple,Sold by BIG W,Add to cart,Save to list
EVERYDAY LOW PRICE,$6.50,$1.73 / 100G,Arnotts Shapes Multipack Cracker Biscuits Variety 15 pack,Promoted,Add to cart,Save to list
SAVE $1.00,$3.00,$4.00 - $2.40 / 100G,Arnotts Cruskits Original Crispbreads 125g,Promoted,Add to cart,Save to list
EVERYDAY LOW PRICE,$6.50,$1.73 / 100G,Arnotts Tiny Teddy Variety Multipack Biscuits 15 Pack,Promoted,Add to cart,Save to list
$6.00,$4.00 / 100G,The Happy Snack Company Roasted Fava Beans Sea Salt And Balsamic Vinegar 6 Pack,4.8,/,36, Promoted,Add to cart,Save to list
$49.00,Ninja Thirsti 530ml Travel Bottle Charcoal Grey DW1801GYANZ,Sold by MyDeal,Add to cart,Save to list
$49.00,Ninja Thirsti 530ml Travel Bottle Cloud White DW1801WHANZ,Sold by MyDeal,Add to cart,Save to list
$49.00,Ninja Thirsti 530ml Travel Bottle Onyx Black DW1801BKANZ,Sold by MyDeal,Add to cart,Save to list
$49.00,Ninja Thirsti 530ml Travel Bottle Seafoam Blue DW1801MTANZ,Sold by MyDeal,Add to cart,Save to list
$49.00,Ninja Thirsti 530ml Travel Bottle Storm Blue DW1801BLANZ,Sold by MyDeal,Add to cart,Save to list
$59.00,Ninja Thirsti 700ml Travel Bottle Charcoal Grey DW2401GYANZ,Sold by MyDeal,Add to cart,Save to list
$59.00,Ninja Thirsti 700ml Travel Bottle Cloud White DW2401WHANZ,Sold by MyDeal,Add to cart,Save to list
$59.00,Ninja Thirsti 700ml Travel Bottle Onyx Black DW2401BKANZ,Sold by MyDeal,Add to cart,Save to list
$59.00,Ninja Thirsti 700ml Travel Bottle Seafoam Blue DW2401MTANZ,Sold by MyDeal,Add to cart,Save to list
$59.00,Ninja Thirsti 700ml Travel Bottle Storm Blue DW2401BLANZ,Sold by MyDeal,Add to cart,Save to list
$64.00,Ninja Thirsti 828ml Travel Bottle Fuchsia Pink DW2801BP,Sold by MyDeal,Add to cart,Save to list
$37.00,Nintendo Super Mario 480ml Water Bottle w/ Straw S/S Double Walled Drink Tumbler,Sold by KG Superstore,Add to cart,Save to list
$37.75,$3.78 / 100ML,Nivea Sun Protect & Moisture Moisture Lock Sunscreen Lotion SPF50 1L,Sold by Healthylife,Add to cart,Save to list
$20.77,Nordic Kids Henny Silicone Collapsible Snack Cup - Almond,Sold by Luxe Bedding,Add to cart,Save to list
$20.77,Nordic Kids Henny Silicone Collapsible Snack Cup - Lemon,Sold by Luxe Bedding,Add to cart,Save to list
$20.77,Nordic Kids Henny Silicone Collapsible Snack Cup - Musk,Sold by Luxe Bedding,Add to cart,Save to list
$20.77,Nordic Kids Henny Silicone Collapsible Snack Cup - Steele,Sold by Luxe Bedding,Add to cart,Save to list
$44.00,Nordic Kids Rune 16.5cm Bento Box Food Lunch Container w/ Silicone Lid Lemon,Sold by KG Superstore,Add to cart,Save to list
$139.95,O'Helo Blue Bottle & Tumbler With Etched Swallow - OH-BT-BE-SWA,Sold by Value Village,Add to cart,Save to list
$69.95,O'Helo Blue Bottle With Etched Swallow 500ml,Sold by Value Village,Add to cart,Save to list
SAVE $2.52,$3.78,$6.30,Sistema Plasticware Snack To Go Each,Promoted,Add to cart,Save to list
$6.20,$7.38 / 100G,Table Of Plenty Mini Rice Cakes Milk Chocolate Snack Packs 6 pack,Promoted,Add to cart,Save to list
$3.30,$3.14 / 100G,Sunbites Sea Salt Snack Crackers With Quinoa Share Pack 105g,4.7,/,55, Promoted,Add to cart,Save to list
SAVE $1.30,$4.70,$6.00 - $3.09 / 100G,Nature Valley Salted Caramel Protein Bars 4 pack,Promoted,Add to cart,Save to list
$139.95,O'Helo Pink Bottle & Tumbler With Etched Blossom - OH-BT-PK-BLO,Sold by Value Village,Add to cart,Save to list
$139.95,O'Helo White Bottle & Tumbler With Etched Swallow - OH-BT-WE-SWA,Sold by Value Village,Add to cart,Save to list
$69.95,O'Helo White Bottle With Etched Swallows 500ml,Sold by Value Village,Add to cart,Save to list
$139.95,O'Helo Yellow Bottle & Tumbler With Etched Bee - OH-BT-YW-BEE,Sold by Value Village,Add to cart,Save to list
$69.95,O'Helo Yellow Bottle With Etched Bees 500ml,Sold by Value Village,Add to cart,Save to list
$32.95,OXO Good Grips Prep and Go 1.5L Salad Container,Sold by PurpleSpoilz,Add to cart,Save to list
$59.95,OXO Good Grips Prep and Go 10 Piece Container Set,Sold by PurpleSpoilz,Add to cart,Save to list
$27.95,OXO Good Grips Prep and Go 400ml Divided Container with Lid,Sold by PurpleSpoilz,Add to cart,Save to list
$29.95,OXO Good Grips Prep and Go 800ml Container with Lid,Sold by PurpleSpoilz,Add to cart,Save to list
$34.95,OXO Good Grips Prep and Go 900ml Divided Container,Sold by PurpleSpoilz,Add to cart,Save to list
$29.50,Oasi 780mL Double Walled Insulated Sports Bottle w/ Screw Cap - Navy,Sold by Acos Ecommerce Group,Add to cart,Save to list
$46.50,Oasis 1.9L Double Walled Insulated Titan Drink Bottle - Black,Sold by Acos Ecommerce Group,Add to cart,Save to list
$46.20,Oasis 1.9L Double Walled Insulated Titan Drink Bottle - Navy,Sold by Acos Ecommerce Group,Add to cart,Save to list
$46.55,Oasis 1.9L Double Walled Insulated Titan Drink Bottle - Sage Green,Sold by Acos Ecommerce Group,Add to cart,Save to list
$34.89,Oasis 2 Compartment LUNCH BOX Lunchbox Container Stainless Steel Red,Sold by Acos Ecommerce Group,Add to cart,Save to list
$55.50,Oasis 2.1L Double Walled Insulated Mini Jug w/ Carry Handle - Silver,5.0,/,1,Sold by Acos Ecommerce Group,Add to cart,Save to list
$39.99,Oasis 470ml Stainless Steel Double Wall Insulated Food Pod Container Carnation,Sold by KG Superstore,Add to cart,Save to list
$32.00,Oasis 470ml Stainless Steel Double Wall Insulated Food Pod Lunch Container Black,Sold by KG Superstore,Add to cart,Save to list
SAVE $1.50,$3.50,$5.00 - $1.75 / 100G,Arnotts Shapes Multipack Cracker Biscuits Mini Chicken Crimpy 8 pack,Promoted,Add to cart,Save to list
$6.20,$7.38 / 100G,Table Of Plenty Mini Rice Cakes Berry Yoghurt Topped 6 pack,Promoted,Add to cart,Save to list
$39.99,Oasis 470ml Stainless Steel Double Wall Insulated Food Pod Lunch Container Mint,Sold by KG Superstore,Add to cart,Save to list
$29.55,Oasis 780mL Double Wall Insulated Sports Bottle - Black,Sold by Acos Ecommerce Group,Add to cart,Save to list
$29.50,Oasis 780mL Double Wall Insulated Sports Bottle - Coral,Sold by Acos Ecommerce Group,Add to cart,Save to list
$29.55,Oasis 780mL Double Wall Insulated Sports Bottle - Coral,Sold by Acos Ecommerce Group,Add to cart,Save to list
$43.95,Oasis Capri Stainless Steel Ceramic Lined Drink Bottle 1L - Pink Lemonade,Sold by PurpleSpoilz,Add to cart,Save to list
$39.95,Oasis Capri Stainless Steel Ceramic Lined Drink Bottle 750ml - Periwinkle,Sold by PurpleSpoilz,Add to cart,Save to list
$12.60,$8.40 / 1L,Sanitarium Up&Go Liquid Breakfast Choc Ice 6 Pack,Promoted,Add to cart,Save to list
EVERYDAY LOW PRICE,$10.00,$1.98 / 100G,Nature Valley Crunchy Family Variety Granola Bars 42g x 12 pack,Promoted,Add to cart,Save to list
SAVE $1.30,$4.70,$6.00 - $3.09 / 100G,Nature Valley Peanut & Chocolate Protein Bars 4 pack,Promoted,Add to cart,Save to list
$6.00,$4.00 / 100G,The Happy Snack Company Roasted Fava Beans Red Pepper & Chilli 6 Pack,4.8,/,18, Promoted,Add to cart,Save to list
$39.95,Oasis Capri Stainless Steel Ceramic Lined Drink Bottle 750ml - Pink Lemonade,Sold by PurpleSpoilz,Add to cart,Save to list
$43.95,Oasis Capri Stainless Steel Ceramic Lined Insulated Drink Bottle 1L - Periwinkle,Sold by PurpleSpoilz,Add to cart,Save to list
$43.95,Oasis Capri Stainless Steel Ceramic Lined Insulated Drink Bottle 1L - Sea Mist,Sold by PurpleSpoilz,Add to cart,Save to list
$39.95,Oasis Capri Stainless Steel Ceramic Lined Insulated Drink Bottle 750ml - Latte,Sold by PurpleSpoilz,Add to cart,Save to list
$39.95,Oasis Capri Stainless Steel Ceramic Lined Insulated Drink Bottle 750ml -Sea Mist,Sold by PurpleSpoilz,Add to cart,Save to list
$39.95,Oasis Capri Stainless Steel Ceramic Lined Insulated Drink Bottle 750ml Alabaster,Sold by PurpleSpoilz,Add to cart,Save to list
$58.50,Oasis Double Wall Vacuum Insulated W/ Handle Stainless Steel Bottle 2.1L Silver,Sold by Acos Ecommerce Group,Add to cart,Save to list
$53.95,Oasis Mag-Grip Stainless Steel Insulated Moda Drink Bottle 1L - Alabaster,Sold by PurpleSpoilz,Add to cart,Save to list
$53.95,Oasis Mag-Grip Stainless Steel Insulated Moda Drink Bottle 1L - Black,Sold by PurpleSpoilz,Add to cart,Save to list
$53.95,Oasis Mag-Grip Stainless Steel Insulated Moda Drink Bottle 1L - Olive Green,Sold by PurpleSpoilz,Add to cart,Save to list
$53.95,Oasis Mag-Grip Stainless Steel Insulated Moda Drink Bottle 1L - Pink Lemonade,Sold by PurpleSpoilz,Add to cart,Save to list
$29.95,Oasis Skinny Mini Pastel S/Steel Double Wall Drink Bottle 250ml Assorted,3.0,/,1,Sold by KG Superstore,Add to cart,Save to list
$31.45,Oasis Skinny Mini Stainless Steel Double Wall Insulated Bottle 250ml Pink,Sold by Acos Ecommerce Group,Add to cart,Save to list
$31.45,Oasis Skinny Mini Stainless Steel Double Wall Insulated Bottle 250ml Purple,Sold by Acos Ecommerce Group,Add to cart,Save to list
$33.95,Oasis Stainless Steel Double Wall Junior 700ml Travel Tumbler - Blue,Sold by PurpleSpoilz,Add to cart,Save to list
$33.95,Oasis Stainless Steel Double Wall Junior 700ml Travel Tumbler - Bubblegum Pink,Sold by PurpleSpoilz,Add to cart,Save to list
$33.95,Oasis Stainless Steel Double Wall Junior 700ml Travel Tumbler - Lilac,Sold by PurpleSpoilz,Add to cart,Save to list
$33.95,Oasis Stainless Steel Double Wall Junior 700ml Travel Tumbler - Mermaid Purple,Sold by PurpleSpoilz,Add to cart,Save to list
$33.95,Oasis Stainless Steel Double Wall Junior 700ml Travel Tumbler - Mint,Sold by PurpleSpoilz,Add to cart,Save to list
$23.07,Oasis Tritan Sports Bottle with Sipper and Straw 1 Litre - Blue Ocean,Sold by PurpleSpoilz,Add to cart,Save to list
$23.07,Oasis Tritan Sports Bottle with Sipper and Straw 1 Litre - Carbon Black,Sold by PurpleSpoilz,Add to cart,Save to list
$23.07,Oasis Tritan Sports Bottle with Sipper and Straw 1 Litre - Forest Green,Sold by PurpleSpoilz,Add to cart,Save to list
$23.07,Oasis Tritan Sports Bottle with Sipper and Straw 1 Litre - Pink Berry,Sold by PurpleSpoilz,Add to cart,Save to list
$20.27,Oasis Tritan Sports Bottle with Sipper and Straw 800ml - Blue Ocean,Sold by PurpleSpoilz,Add to cart,Save to list
SAVE $0.60,$4.70,$5.30 - $0.62 / 100G,Abbott's Bakery Sourdough White Bread Sandwich Slice Loaf 760g,5.0,/,3, Promoted,Add to cart,Save to list
$15.00,$15.00 / 1EA,Sistema Klip It Plus Rectangle 1l 3 Pack,5.0,/,1, Promoted,Add to cart,Save to list
$5.00,$1.32 / 100G,Uno Penotti Hazelnut Spread 380g,Promoted,Add to cart,Save to list
SAVE $2.20,$4.70,$6.90 - $1.87 / 100G,Nature Valley Crunchy Variety Granola Bars 42g x 6 pack,Promoted,Add to cart,Save to list
$20.27,Oasis Tritan Sports Bottle with Sipper and Straw 800ml - Forest Green,Sold by PurpleSpoilz,Add to cart,Save to list
$20.27,Oasis Tritan Sports Bottle with Sipper and Straw 800ml - Pink Berry,Sold by PurpleSpoilz,Add to cart,Save to list
OUT OF STOCK,Olina's Bakehouse Bakehouse Seeded Snackers Variety Pack 6 Pack,Add to cart,Save to list
$85.50,Omie Omiebox Hot & Cold Bento Lunchbox - Blue Sky Omie,Sold by Acos Ecommerce Group,Add to cart,Save to list
$85.50,Omie Omiebox Hot & Cold Bento Lunchbox - Pink Berry,Sold by Acos Ecommerce Group,Add to cart,Save to list
$85.50,Omie Omiebox Hot & Cold Bento Lunchbox - Purple Plum,5.0,/,1,Sold by Acos Ecommerce Group,Add to cart,Save to list
$85.90,Omie Omiebox Hot & Cold Bento Lunchbox - Sunshine,5.0,/,1,Sold by Acos Ecommerce Group,Add to cart,Save to list
$69.95,OmieBox Hot & Cold Bento Box Sunshine,5.0,/,1,Sold by MyDeal,Add to cart,Save to list
$89.50,OmieBox Hot & Cold Bento Lunch Box Kids Food Storage Container - Pink Berry,Sold by Acos Ecommerce Group,Add to cart,Save to list
$89.50,OmieBox Hot & Cold Bento Lunch Box Kids Food Storage Container - Sunshine,Sold by Acos Ecommerce Group,Add to cart,Save to list
$89.50,OmieBox Hot & Cold Bento Lunch Box Kids Food Storage Non Toxic Container - Blue,Sold by Acos Ecommerce Group,Add to cart,Save to list
$89.50,OmieBox Hot & Cold Bento Lunch Box Kids Food Storage Non Toxic Container -Meadow,Sold by Acos Ecommerce Group,Add to cart,Save to list
$74.95,OmieBox Up Hot & Cold Bento Box Teal Green,Sold by MyDeal,Add to cart,Save to list
OUT OF STOCK,On The Menu Moroccan Meat Balls 320G,Add to cart,Save to list
$29.95,One Piece Bottle Magnet and Pen Gift Set,Sold by The Gamesmen,Add to cart,Save to list
OUT OF STOCK,Oreo Mini Pascall Marshmallows 10 pack,Add to cart,Save to list
$25.95,Outdoor Portable Leak Proof Sports Water Bottle for Travel Gym Camping Hiking,Sold by Edragon Australia,Add to cart,Save to list
$18.99,Ozoffer 2L Water Bottle Motivational Drink Flask With Time Markings BPA Free Sports Gym,Sold by Digitel,Add to cart,Save to list
$20.99,Ozoffer 3X Thermal Bags With Snap Lock Handle Hot/Cold Reusable,Sold by Digitel,Add to cart,Save to list
$12.99,Ozoffer 700ml Water Tea Bottle Drink Flask Infuser BPA Free Sport Gym Handle,Sold by Digitel,Add to cart,Save to list
$15.99,Ozoffer Blue Orange Large Sports Water Bottle 2L Capacity Straw Time Motivational Fitness Jugs,Sold by Digitel,Add to cart,Save to list
$15.99,Ozoffer Green Purple Large Sports Water Bottle 2L Capacity Straw Time Motivational Fitness Jugs,Sold by Digitel,Add to cart,Save to list
$44.00,PACKIT Freezable Ice Lunch Bag Tote Food Storage Camping Travel Tiger - Wild Leopard,Sold by Boutique Retailer,Add to cart,Save to list
$46.41,$23.21 / 100ML,PEOPLE4OCEAN Natural Sunscreen SPF30 200ml,Sold by Healthylife,Add to cart,Save to list
SAVE $1.50,$3.50,$5.00 - $1.75 / 100G,Arnotts Shapes Multipack Cracker Biscuits Pizza 8 pack,Promoted,Add to cart,Save to list
$6.20,$7.38 / 100G,Table Of Plenty Mini Rice Cakes Dark Chocolate Snack Packs 6 pack,Promoted,Add to cart,Save to list
SAVE $1.40,$5.30,$6.70 - $7.07 / 1L,Sustagen High Protein Nutrition Top-Up Vanilla Flavour Ready To Drink 250mL x 3 pack,Promoted,Add to cart,Save to list
SAVE $2.20,$4.70,$6.90 - $1.87 / 100G,Nature Valley Crunchy Oats & Honey Granola Bars 42g x 6 pack,Promoted,Add to cart,Save to list
$39.00,"PROFLEX 1L Double Wall Insulated Stainless Steel Water Bottle, Drink Jug with Handle, Seafoam Green",5.0,/,1,Sold by Edisons Direct,Add to cart,Save to list
$59.50,PackIt Classic Cooler Lunch Box Bag Freeze and Go - Tie Dye Sorbet,Sold by Knives Online,Add to cart,Save to list
$67.50,PackIt Freezable Lunch Box Food Storage Bag 25x20cm Rectangle Charcoal Grey,Sold by KG Superstore,Add to cart,Save to list
$62.95,PackIt Freezable Polycanvas Lunch Bag Food Storage Rect 29.5cm Charcoal Grey,Sold by KG Superstore,Add to cart,Save to list
$62.95,PackIt Freezable Polycanvas Lunch Bag Food Storage Rect 29.5cm True Blue,Sold by KG Superstore,Add to cart,Save to list
$67.50,PackIt Freezable Polycanvas Lunch Box Bag Storage Rectangle 25cm Checked Out,Sold by KG Superstore,Add to cart,Save to list
$67.50,PackIt Freezable Polycanvas Lunch Box Bag Storage Rectangle 25cm True Blue,Sold by KG Superstore,Add to cart,Save to list
$67.50,PackIt Freezable Polycanvas Lunch Box Food Storage Bag 25cm Rect Blue Sky,Sold by KG Superstore,Add to cart,Save to list
$39.00,Packit Mod 13cm Snack Bento Box Food Storage w/ Removable Divider Steel Grey,Sold by KG Superstore,Add to cart,Save to list
$39.00,Packit Mod 13cm Square Snack Bento Box Food Storage w/ Removable Divider Mint,Sold by KG Superstore,Add to cart,Save to list
$44.10,Packit Mod Lunch Bento Box Storage Lunchbox w/ 3-Removable Divider Steel Gray,Sold by KG Superstore,Add to cart,Save to list
$13.95,Parramatta Eels NRL 2025 Design Tritan Drink Water Bottle with Wrist Bands,Sold by NPC Amusements,Add to cart,Save to list
$39.95,Parramatta Eels NRL 3.70L Team Logo Tritan Water Drink Bottle,Sold by NPC Amusements,Add to cart,Save to list
$24.95,Peanuts Beagle Scout Carry Tin Lunch Box,Sold by The Gamesmen,Add to cart,Save to list
$62.91,Penny Scallan Large Bento Box & Drink Bottle - Loopy Llama,Sold by Value Village,Add to cart,Save to list
$44.96,Penny Scallan Large Bento Box - Loopy Llama,Sold by Value Village,Add to cart,Save to list
$53.91,Penny Scallan Mini Bento Box & Drink Bottle - Anchors Away,Sold by Value Village,Add to cart,Save to list
$53.96,Penny Scallan Mini Bento Box & Drink Bottle - Dino Rock,Sold by Value Village,Add to cart,Save to list
$35.96,Penny Scallan Mini Bento Box - Anchors Away,Sold by Value Village,Add to cart,Save to list
$35.96,Penny Scallan Mini Bento Box - Dino Rock,Sold by Value Village,Add to cart,Save to list
$35.96,Penny Scallan Mini Bento Box - Loopy Llama,Sold by Value Village,Add to cart,Save to list
$35.96,Penny Scallan Mini Bento Box - Rainbow Days,Sold by Value Village,Add to cart,Save to list
$2.50,$5.00 / 100G,Gold Medal Snacks Single Pack Pork Krackles 50g,Promoted,Add to cart,Save to list
$6.80,$9.07 / 1L,Sanitarium Up&Go Liquid Breakfast Vanilla Ice 3 Pack,Promoted,Add to cart,Save to list
$15.00,$23.08 / 100ML,Nivea Sun Kids Protect & Play Spf50 Roll-On Sunscreen 65ml,Promoted,Add to cart,Save to list
$5.70,$22.80 / 1KG,Philadelphia Original Cream Cheese Block 250g,Promoted,Add to cart,Save to list
$35.96,Penny Scallan Mini Bento Box - Wild Thing,Sold by Value Village,Add to cart,Save to list
$35.96,Penny Scallan Mini Bento Box -Chirpy Bird,Sold by Value Village,Add to cart,Save to list
$13.95,Penrith Panthers NRL 2025 Design Tritan Drink Water Bottle with Wrist Bands,Sold by NPC Amusements,Add to cart,Save to list
$39.95,Penrith Panthers NRL 3.70L Team Logo Tritan Water Drink Bottle,Sold by NPC Amusements,Add to cart,Save to list
$16.91,$67.64 / 100G,People4Ocean Zinc Stick Egyptian Blue Spf 50+ 25g,Sold by Healthylife,Add to cart,Save to list
$71.10,Philips Go Zero 550ml Daily Insulated Filtration Water Bottle Stainless Steel,3.6,/,5,Sold by KG Superstore,Add to cart,Save to list
$66.60,Philips GoZero 2 in 1 Magic 400ml Hydration/Water Bottle w/ 300ml Cup Grey,Sold by KG Superstore,Add to cart,Save to list
$61.20,Philips GoZero 2 in 1 Magic 400ml Hydration/Water Bottle w/ 300ml Cup White,Sold by KG Superstore,Add to cart,Save to list
$148.50,Philips GoZero 590ml Smart Hydration Hot/Cold Water Bottle w/UV Cleaner Black,3.6,/,16,Sold by KG Superstore,Add to cart,Save to list
$148.50,Philips GoZero 590ml Smart Hydration Hot/Cold Water Bottle w/UV Cleaner Blue,3.6,/,16,Sold by KG Superstore,Add to cart,Save to list
$116.10,Philips GoZero 590ml Smart Hydration Hot/Cold Water Bottle w/UV Cleaner Yellow,3.6,/,16,Sold by KG Superstore,Add to cart,Save to list
$65.00,Pinkah FAS-3331 750ml Food Jar Stainless Steel Silver Lunch Box Container,Sold by Hello Kitchen,Add to cart,Save to list
$20.00,Playstation Onyx Metal Travel Mug,Sold by The Gamesmen,Add to cart,Save to list
$16.00,Pokemon Slimline Lunch Bag,Sold by BIG W,Add to cart,Save to list
$39.95,Portable Lunch Box Double Layer Stainless Steel Bento,Sold by New Vivid,Add to cart,Save to list
$47.95,Portable Lunchbox Insulation Double Layer Stainless Steel,Sold by OliandOla,Add to cart,Save to list
$39.00,Porto Atlas Vacuumed Insulated Water Bottle Portable Travel Flask 700ml Cloud,Sold by KG Superstore,Add to cart,Save to list
$39.00,Porto Atlas Vacuumed Insulated Water Bottle Portable Travel Flask 700ml Lilac,Sold by KG Superstore,Add to cart,Save to list
$39.00,Porto Atlas Vacuumed Insulated Water Bottle Portable Travel Flask 700ml Pink,Sold by KG Superstore,Add to cart,Save to list
$29.95,Primula Brew & Travel Cold Brew Coffee Bottle 650ml,Sold by PurpleSpoilz,Add to cart,Save to list
$34.50,Primula Tote Double Wall Insulated Coffee Bottle 236ml - Black,Sold by Knives Online,Add to cart,Save to list
$34.50,Primula Tote Double Wall Insulated Coffee Bottle 236ml - White,Sold by Knives Online,Add to cart,Save to list
$39.00,"Proflex 1L Double Wall Insulated Stainless Steel Water Bottle, Drink Jug with Handle, Black",Sold by Edisons Direct,Add to cart,Save to list
SAVE $1.40,$5.30,$6.70 - $7.07 / 1L,Sustagen High Protein Nutrition Top-Up Strawberry Ready To Drink 250mL x 3 pack,Promoted,Add to cart,Save to list
SAVE $6.60,$15.40,$22.00 - $17.50 / 100ML,Neutrogena Ultra Sheer Face Lotion Sunscreen Spf 50 88ml,Promoted,Add to cart,Save to list
$25.00,DESIGNS MAY VARY,Contigo Kids Aubrey Water Bottle Assorted each,Promoted,Add to cart,Save to list
$29.00,$29.00 / 100ML,Invisible Zinc Sport Spf 50+ Mineral Sunscreen Cream 100g,Promoted,Add to cart,Save to list
$29.95,Rex London Kids Metal Tin Case Lunch Box w/ Handle 16.8x19cm Dinosaurs 3y+,Sold by KG Superstore,Add to cart,Save to list
$29.95,Rex London Kids Metal Tin Case Lunch Box w/ Handle Fairies In The Garden 3y+,Sold by KG Superstore,Add to cart,Save to list
$27.00,Rex London Kids/Children Plastic Food Lunch Box Rectangle 17x13cm Sharks,Sold by KG Superstore,Add to cart,Save to list
$27.00,Rex London Kids/Children Plastic Food Lunch Box Rectangle 17x13cm Space Age,Sold by KG Superstore,Add to cart,Save to list
$27.00,Rex London Kids/Children Plastic Lunch Box Rectangle 17cm Colour Creatures,Sold by KG Superstore,Add to cart,Save to list
$27.00,Rex London Kids/Children Plastic Lunch Box Rectangle 17cm Prehistoric Land,Sold by KG Superstore,Add to cart,Save to list
$27.00,Rex London Kids/Children Plastic Lunch Box Rectangle 17x13cm Best In Show,Sold by KG Superstore,Add to cart,Save to list
$28.00,Rex London Kids/Children Plastic Lunch Box Rectangle 17x13cm Sausage Dog,Sold by KG Superstore,Add to cart,Save to list
$27.00,Rex London Kids/Children Plastic Lunch Box Rectangle 17x13cm Wild Wonders,Sold by KG Superstore,Add to cart,Save to list
$74.95,Root7 OneBottle 500ml Black Marble -R71BMBMAR,Sold by Value Village,Add to cart,Save to list
$74.95,Root7 OneBottle 500ml Blueberry Split -R71BMBLBS,Sold by Value Village,Add to cart,Save to list
$64.95,Root7 OneBottle 500ml Cookie Crumble -R71BMCKDO,Sold by Value Village,Add to cart,Save to list
$64.95,Root7 OneBottle 500ml Duck Egg Blue -R71BMPCDEBLU,Sold by Value Village,Add to cart,Save to list
$64.95,Root7 OneBottle 500ml Mint Choc Chip -R71BMMCHC,Sold by Value Village,Add to cart,Save to list
$64.95,Root7 OneBottle 500ml Parma Purple -R71BMPCPPUR,Sold by Value Village,Add to cart,Save to list
$64.95,Root7 OneBottle 500ml Really Red -R71BMRRED,Sold by Value Village,Add to cart,Save to list
$74.95,Root7 OneBottle 500ml VIP White Split -R71BMWHIS,Sold by Value Village,Add to cart,Save to list
$33.56,Rune Bento Box with Silicone Lid - Steele,Sold by Luxe Bedding,Add to cart,Save to list
$28.95,$23.16 / 100G,SURFMUD Ocean Addict Sunscreen SPF30 125g,Sold by Healthylife,Add to cart,Save to list
$14.65,$29.30 / 100G,SURFMUD Ocean Addict Sunscreen SPF30 50g,Sold by Healthylife,Add to cart,Save to list
$28.30,$22.64 / 100G,SURFMUD Surf Baby Natural Zinc Sunscreen SPF30 125g,Sold by Healthylife,Add to cart,Save to list
$39.95,Sachi 24x22cm Insulated Lunch Bag Outdoor/Picnic Food Storage Tropical Paradise,Sold by KG Superstore,Add to cart,Save to list
$35.00,Sachi 28x21.5cm Kids Insulated Lunch Tote Bag School/Picnic Food Storage Bricks,Sold by KG Superstore,Add to cart,Save to list
EVERYDAY LOW PRICE,$8.00,$1.07 / 100G,Uno Penotti Hazelnut Spread 750g,Promoted,Add to cart,Save to list
$3.45,$138.00 / 1KG,Kooee Sticks Organic Beef Sea Salt 25g,Promoted,Add to cart,Save to list
SAVE $1.50,$3.50,$5.00 - $1.75 / 100G,Arnotts Shapes Multipack Cracker Biscuits Vegemite & Cheese 8 pack,5.0,/,1, Promoted,Add to cart,Save to list
$28.00,$9.33 / 100ML,Nivea Sun Protect & Moisture Lock Spf50+ Sunscreen Spray 300ml,Promoted,Add to cart,Save to list
$35.00,Sachi 28x21.5cm Kids Insulated Lunch Tote Bag School/Picnic Food Storage Unicorn,Sold by KG Superstore,Add to cart,Save to list
$45.99,Sachi 4 Compartment Bento Lunch Box Butterflies School Students Food Storage,Sold by Auspoints,Add to cart,Save to list
$45.99,Sachi 4 Compartment Bento Lunch Box Pirate Bay School Students Food Storage,Sold by Auspoints,Add to cart,Save to list
$45.99,Sachi 4 Compartment Bento Lunch Box Tropical Paradise Food Storage,Sold by Auspoints,Add to cart,Save to list
$28.40,Sachi Butterflies 225 Lunch Tote - Pink,Sold by Acos Ecommerce Group,Add to cart,Save to list
$45.95,Sachi Crossbody Insulated Bottle Bag - Alabaster,Sold by PurpleSpoilz,Add to cart,Save to list
$45.95,Sachi Crossbody Insulated Bottle Bag - Black,Sold by PurpleSpoilz,Add to cart,Save to list
$45.95,Sachi Crossbody Insulated Bottle Bag - Latte,Sold by PurpleSpoilz,Add to cart,Save to list
$45.95,Sachi Crossbody Insulated Bottle Bag - Orchid,Sold by PurpleSpoilz,Add to cart,Save to list
$39.99,Sachi Explorer 28cm Insulated Lunch Storage Bag w/ Bottle Holder/Pocket Black,Sold by KG Superstore,Add to cart,Save to list
$39.99,Sachi Explorer 28cm Insulated Lunch Storage Bag w/ Bottle Holder/Pocket Khaki,Sold by KG Superstore,Add to cart,Save to list
$39.99,Sachi Explorer 28cm Insulated Lunch Storage Bag w/ Bottle Holder/Pocket Navy,Sold by KG Superstore,Add to cart,Save to list
$39.99,Sachi Explorer 28cm Insulated Lunch Storage Bag w/ Bottle Holder/Pocket Olive,Sold by KG Superstore,Add to cart,Save to list
$39.99,Sachi Explorer 28cm Insulated Lunch Storage Bag w/ Bottle Holder/Pocket Steel,Sold by KG Superstore,Add to cart,Save to list
$35.95,Sachi Explorer Insulated Lunch Bag - Khaki,Sold by Acos Ecommerce Group,Add to cart,Save to list
$34.95,Sachi Explorer Insulated Lunch Bag Black Sachi,Sold by Acos Ecommerce Group,Add to cart,Save to list
$35.95,Sachi Explorer Insulated Lunch Bag Olive,Sold by Acos Ecommerce Group,Add to cart,Save to list
$35.95,Sachi Explorer Insulated Lunch Bag Steel,Sold by Acos Ecommerce Group,Add to cart,Save to list
EVERYDAY LOW PRICE,$4.00,$1.60 / 100G,Arnotts Sao Crackers 250g,Promoted,Add to cart,Save to list
SAVE $1.00,$3.50,$4.50 - $2.80 / 100G,Obela Hi Protein Hommus To Go 125g,Promoted,Add to cart,Save to list
$4.00,$4.00 / 100G,Pop Box Microwave Popcorn Caramel Crunch Flavour 100g,Promoted,Add to cart,Save to list
SAVE $5.40,$8.10,$13.50,Sistema Hydrate Active Shaker 750ml Each,Promoted,Add to cart,Save to list
$37.00,Sachi Insulated 50L Reusable Shopping Cart Bag Storage w/ Carry Handle Black,Sold by KG Superstore,Add to cart,Save to list
$32.99,Sachi Insulated Backpack Thermal Shoulder Bag Picnic Camping Fishing Galaxy,Sold by Auspoints,Add to cart,Save to list
$32.99,Sachi Insulated Backpack Thermal Shoulder Bag Picnic CampingLustre Pearl,Sold by Auspoints,Add to cart,Save to list
$31.55,Sachi Insulated Galaxy 225 Lunch Tote - Pink,Sold by Acos Ecommerce Group,Add to cart,Save to list
$27.99,Sachi Insulated Lunch Bag carry Tote Storage Travel Bag Triangle Mosaic,Sold by Auspoints,Add to cart,Save to list
$31.95,Sachi Insulated Lunch Tote Bag Dinosaur Land,Sold by Acos Ecommerce Group,Add to cart,Save to list
SAVE $5.30,$7.95,$13.25,DESIGNS MAY VARY,Sistema Hydrate Tritan Water Drink Bottle 800mL Assorted each,Promoted,Add to cart,Save to list
SAVE $5.60,$8.40,$14.00,DESIGNS MAY VARY,Sistema ActiveTritan Bottle 800mL Assorted Each,4.3,/,6, Promoted,Add to cart,Save to list
$28.00,$7.00 / 100ML,Nivea Sun Protect & Moisture Lock Spf50+ Sunscreen 400ml,Promoted,Add to cart,Save to list
$28.00,$9.33 / 100ML,Nivea Sun Ultra Sport Cooling Sunscreen Trigger Spray Spf50+ 300ml,Promoted,Add to cart,Save to list
$33.90,Sachi Leopard Insulated Lunch Bag - Black/Beige,Sold by Acos Ecommerce Group,Add to cart,Save to list
$33.90,Sachi Moroccan Insulated Lunch Bag - Navy,Sold by Acos Ecommerce Group,Add to cart,Save to list
$38.95,Sachi Style 237 Insulated Cali Lunchbag - Black Cream,Sold by PurpleSpoilz,Add to cart,Save to list
$38.95,Sachi Style 237 Insulated Cali Lunchbag - Daffodil Gingham,Sold by PurpleSpoilz,Add to cart,Save to list
$38.95,Sachi Style 237 Insulated Cali Lunchbag - Indigo Gingham,Sold by PurpleSpoilz,Add to cart,Save to list
$38.95,Sachi Style 237 Insulated Cali Lunchbag - Latte Cream,Sold by PurpleSpoilz,Add to cart,Save to list
$38.95,Sachi Style 237 Insulated Cali Lunchbag - Olive Green Gingham,Sold by PurpleSpoilz,Add to cart,Save to list
$37.00,Sachi Style 321 Insulated 26cm Lunch Bag Storage w/ Bottle Holder Boho Rainbows,Sold by KG Superstore,Add to cart,Save to list
$37.00,Sachi Style 321 Insulated 26cm Lunch Bag Storage w/ Bottle Holder Marble Swirls,Sold by KG Superstore,Add to cart,Save to list
$37.00,Sachi Style 321 Insulated 26cm Lunch Bag Storage w/ Bottle Holder Pink Orchids,Sold by KG Superstore,Add to cart,Save to list
$37.00,Sachi Style 321 Insulated 26cm Lunch Bag Storage w/ Bottle Holder Tie Dye Splash,Sold by KG Superstore,Add to cart,Save to list
OUT OF STOCK,Sam's Pantry Chocolate Chip Supergrain Bar 6 Pack,Add to cart,Save to list
$35.00,Sassi Eco Kids/Childrens Insulated School Lunchbag Chompy The Lion 3+,Sold by KG Superstore,Add to cart,Save to list
$35.00,Sassi Eco Kids/Childrens Insulated School Lunchbag Cracky the Dinosaur 3+,Sold by KG Superstore,Add to cart,Save to list
$35.00,Sassi Eco Kids/Childrens Insulated School Lunchbag Sparkly The Unicorn 3+,Sold by KG Superstore,Add to cart,Save to list
$27.00,Sassi RPET Lunch Box Chewy The Elephant Baby/Childrens Cutlery Tableware 3y+,Sold by KG Superstore,Add to cart,Save to list
$27.00,Sassi RPET Lunch Box Chompy The Lion Baby/Childrens Cutlery Tableware 3y+,Sold by KG Superstore,Add to cart,Save to list
$27.00,Sassi RPET Lunch Box Cracky the Dinosaur Baby/Childrens Cutlery Tableware 3y+,Sold by KG Superstore,Add to cart,Save to list
$23.50,$11.75 / 100ML,Nivea Sun Ultra Sport Cooling Spf50+ Sunscreen Spray 200ml,Promoted,Add to cart,Save to list
$27.00,Sassi RPET Lunch Box Sparkly The Unicorn Baby/Childrens Cutlery Tableware 3y+,Sold by KG Superstore,Add to cart,Save to list
$35.00,Sassi Silicone Lunch Box Chewy The Elephant Baby/Childrens Cutlery Tableware 6m+,Sold by KG Superstore,Add to cart,Save to list
$35.00,Sassi Silicone Lunch Box Chompy The Lion Baby/Childrens Cutlery Tableware 6m+,Sold by KG Superstore,Add to cart,Save to list
$35.00,Sassi Silicone Lunch Box Cracky the Dinosaur Baby/Children Cutlery Tableware 6m+,Sold by KG Superstore,Add to cart,Save to list
$35.00,Sassi Silicone Lunch Box Gnawy The Sloth Baby/Childrens Cutlery Tableware 6m+,Sold by KG Superstore,Add to cart,Save to list
$35.00,Sassi Silicone Lunch Box Slurpy The Octopus Baby/Childrens Cutlery Tableware 6m+,Sold by KG Superstore,Add to cart,Save to list
$5.50,$14.67 / 1L,The Man Shake Fuel Chocolate Health Shake 375mL,Promoted,Add to cart,Save to list
$2.70,$1.93 / 100G,Vitasoy Greek Style Soy Yogurt Hint Of Strawberry 140g,Promoted,Add to cart,Save to list
$9.50,$3.80 / 100G,Egmont Honey Manuka Honey MGO 30+ 250g,Promoted,Add to cart,Save to list
SAVE $9.10,$13.65,$22.75,DESIGNS MAY VARY,Sistema Stainless Steel Water Drink Bottle 500mL Assorted each,Promoted,Add to cart,Save to list
$38.00,Sassi Silicone Lunch Box Sparkly The Unicorn Baby/Children Cutlery Tableware 6m+,Sold by KG Superstore,Add to cart,Save to list
$29.00,Secret Bottle Stubby Cooler Flask Holder Alcohol Beer Hidden,Sold by Acos Ecommerce Group,Add to cart,Save to list
$26.55,"Set of 8 Reusable Snack & School Sandwich Pouches, Reusable lunch bag BPA Free",Sold by Acos Ecommerce Group,Add to cart,Save to list
$19.95,Silicone Water Bottle Ice Block Tray,Sold by Living Today,Add to cart,Save to list
$33.96,Sip By Splosh Daisy Water Bottle 950ml,Sold by Luxe Bedding,Add to cart,Save to list
$33.96,Sip By Splosh Lemon Water Bottle 950ml,Sold by Luxe Bedding,Add to cart,Save to list
$33.96,Sip By Splosh Retro Floral Water Bottle 950ml,Sold by Luxe Bedding,Add to cart,Save to list
$132.50,Skip Hop Zoo Backpack + Food Jar + Lunch Box + Drink Bottle 4pc Set - Lion,Sold by Knives Online,Add to cart,Save to list
$139.50,Skip Hop Zoo Backpack + Lunch Bag + Bento Lunch Box + Drink Bottle 4pc Set - Raccoon,Sold by Knives Online,Add to cart,Save to list
$124.50,Skip Hop Zoo Backpack + Lunch Bag + Lunch Box + Drink Bottle 4pc Set - Fox,Sold by Knives Online,Add to cart,Save to list
$64.50,Skip Hop Zoo Big Kid Backpack - Rainbow,Sold by Knives Online,Add to cart,Save to list
$26.00,Smash Active Insulated Puffer Lunch Bag - Assorted*,5.0,/,1,Sold by BIG W,Add to cart,Save to list
$17.00,Smash Active Sipper 1.7L - Assorted*,Sold by BIG W,Add to cart,Save to list
$20.00,Smash Active Sipper Water Bottle 2.2L - Assorted*,4.0,/,3,Sold by BIG W,Add to cart,Save to list
$11.50,Smash Bento Double Up Lunch Box - Assorted*,Sold by BIG W,Add to cart,Save to list
$24.00,Smash Blue Triple Wall Junior Sipper Water Bottle 400ml - Assorted*,2.5,/,6,Sold by BIG W,Add to cart,Save to list
$12.00,Smash Freeze Sheet Large - Blue,Sold by BIG W,Add to cart,Save to list
$29.00,Smash Insulated Tote Bag - Assorted*,5.0,/,2,Sold by BIG W,Add to cart,Save to list
$32.00,Smash Stainless Steel Explorer Bottle 1100mL - Assorted*,2.0,/,1,Sold by BIG W,Add to cart,Save to list
$30.00,Smash Stainless Steel Triple Wall Chugger 750ml - Assorted*,3.2,/,5,Sold by BIG W,Add to cart,Save to list
$35.00,Smash Stainless Steel Triple Wall Sipper 1L - Assorted*,1.8,/,18,Sold by BIG W,Add to cart,Save to list
$24.00,Smash Stream Double wall SS Bottle 1L - Assorted*,Sold by BIG W,Add to cart,Save to list
$149.95,SodaStream Bottle Fizz & GO Portable Travel Cool All Metal 900ml 3 Pack,Sold by SuperOffice,Add to cart,Save to list
SAVE $1.00,$3.50,$4.50 - $2.80 / 100G,Obela Hi-Protein To Go Jalapeno Hommus 125g,Promoted,Add to cart,Save to list
$4.00,$4.00 / 100G,Pop Box Butter Flavour Microwave Popcorn 100g,Promoted,Add to cart,Save to list
$11.00,$4.40 / 100G,Egmont Honey Manuka Honey MGO 50+ 250g,Promoted,Add to cart,Save to list
$6.00,$4.00 / 100G,The Happy Snack Company Kids Fava Beans Pizza 10 Pack,4.2,/,9, Promoted,Add to cart,Save to list
$109.95,SodaStream Bottle Fizz & GO Portable Travel Cool All Metal Storm Blue 900ml 2 Pack,Sold by SuperOffice,Add to cart,Save to list
$109.95,SodaStream Bottle Fizz & GO Portable Travel Cool Metal Mint Green 900ml 2 Pack,Sold by SuperOffice,Add to cart,Save to list
$45.10,$18.04 / 100ML,Solarcare B3 SPF15 Moisturiser 250ml,Sold by Healthylife,Add to cart,Save to list
$39.95,Sonic The Hedgehog Trio Metal Drink Bottle,Sold by The Gamesmen,Add to cart,Save to list
OUT OF STOCK,Sopressa Salami Mild PER KG,View similar,products,             to Sopressa Salami Mild PER KG,Save to list
$39.95,South Sydney Rabbitohs NRL 3.70L Team Logo Tritan Water Drink Bottle,Sold by NPC Amusements,Add to cart,Save to list
$39.95,South Sydney Rabbitohs NRL Insulated School Lunch Box dome Cooler BAG,Sold by NPC Amusements,Add to cart,Save to list
$31.95,Space Saving Silicone Drink Holder,Sold by New Vivid,Add to cart,Save to list
$44.95,Space Vac Extra Large Vacuum Seal Under Bed Storage All In One Tote,Sold by Boutique Retailer,Add to cart,Save to list
$15.00,Squishmallows Cottage Collection Lunch Bag,Sold by The Gamesmen,Add to cart,Save to list
$10.00,Squishmallows Cottage Collection Storage Containers 3 Pack,Sold by The Gamesmen,Add to cart,Save to list
$28.95,St Kilda Saints AFL Insulated Hot Cold Stainless Steel Tea Coffee Water Bottle,Sold by NPC Amusements,Add to cart,Save to list
$27.50,Stackable 3-Tier Stainless Steel Lunch Bento Box Tiffin Storage Pot - 23cm x 15cm,Sold by Boutique Retailer,Add to cart,Save to list
$27.00,Stainless Steel Snack Box Food Container Storage Lunch BPA Free - 1200ml,Sold by Boutique Retailer,Add to cart,Save to list
$29.00,Stainless Steel Snack Box Food Container Storage Lunch BPA Free - 2000ml,Sold by Boutique Retailer,Add to cart,Save to list
$24.00,Stainless Steel Snack Box Food Container Storage Lunch BPA Free - 800ml,Sold by Boutique Retailer,Add to cart,Save to list
$159.99,Stainless Steel Thermos Bottle Vacuum Flask (Black),Sold by Lifebay,Add to cart,Save to list
$49.50,Stasher 1.66L Silicone Stand Up Mid Food/Leftovers Saver Storage Bag Pouch Aqua,Sold by KG Superstore,Add to cart,Save to list
$31.00,Stasher 355ml/19cm Silicone Snack Bag Reusable Food Storage Travel Pouch Aqua,Sold by KG Superstore,Add to cart,Save to list
$31.00,Stasher 355ml/19cm Silicone Snack Bag Reusable Food Storage Travel Pouch Black,Sold by KG Superstore,Add to cart,Save to list
$31.00,Stasher 355ml/19cm Silicone Snack Bag Reusable Food Storage Travel Pouch Clear,Sold by KG Superstore,Add to cart,Save to list
$31.00,Stasher 355ml/19cm Silicone Snack Bag Reusable Storage Travel Pouch Raspberry,Sold by KG Superstore,Add to cart,Save to list
$67.50,Stasher 3L Silicone Stand Up Mega Food/Leftovers Saver Storage Bag Pouch Aqua,Sold by KG Superstore,Add to cart,Save to list
$6.00,$4.00 / 100G,The Happy Snack Company Roasted Fava Beans Sea Salt And Balsamic Vinegar 6 Pack,4.8,/,36, Promoted,Add to cart,Save to list
$6.00,$4.00 / 100G,The Happy Snack Company Roasted Chickpeas Lightly Salted 6 Pack,4.5,/,37, Promoted,Add to cart,Save to list
$6.00,$4.00 / 100G,The Happy Snack Company Roasted Chickpeas Lime And Cracked Pepper 6 Pack,4.6,/,20, Promoted,Add to cart,Save to list
$6.00,$4.00 / 100G,The Happy Snack Company Roasted Fava Beans Smoky Bbq 6 Pack,Promoted,Add to cart,Save to list
$67.50,Stasher 3L Silicone Stand Up Mega Food/Leftovers Saver Storage Bag Pouch Clear,Sold by KG Superstore,Add to cart,Save to list
$67.50,Stasher 3L Silicone Stand Up Mega Food/Leftovers Saver Storage Bag Pouch Pink,Sold by KG Superstore,Add to cart,Save to list
$42.30,Stasher 828ml Silicone Stand Up Mini Food/Leftovers Saver Storage Bag Clear,Sold by KG Superstore,Add to cart,Save to list
$42.30,Stasher 828ml Silicone Stand Up Mini Food/Leftovers Saver Storage Bag Pouch Aqua,Sold by KG Superstore,Add to cart,Save to list
$42.30,Stasher 828ml Silicone Stand Up Mini Food/Leftovers Saver Storage Bag Pouch Pink,Sold by KG Superstore,Add to cart,Save to list
$49.50,Stasher Half Gallon 1.92L/26cm Silicone Bag Reusable Food Storage Pouch Aqua,Sold by KG Superstore,Add to cart,Save to list
$49.50,Stasher Half Gallon 1.92L/26cm Silicone Bag Reusable Food Storage Pouch Clear,Sold by KG Superstore,Add to cart,Save to list
$42.30,Stasher Silicone Reusable 532ml/18cm Go Bag Travel Storage Pouch w/ Clip Clear,Sold by KG Superstore,Add to cart,Save to list
$42.30,Stasher Silicone Reusable 532ml/18cm Go Bag Travel Storage Pouch w/ Clip Pink,Sold by KG Superstore,Add to cart,Save to list
$155.99,Stripe Glass Coffee Cup with Lid and Straw,Sold by Lifebay,Add to cart,Save to list
$29.95,$29.95 / 100G,SurfMud Surfbaby Natural Sunscreen SPF30 Tin 100g,Sold by Healthylife,Add to cart,Save to list
$27.95,$27.95 / 100G,Surfmud Mineral Sunscreen SPF 50+ 100g,Sold by Healthylife,Add to cart,Save to list
$29.95,$23.96 / 100G,Surfmud Mineral Sunscreen SPF 50+ 125g,Sold by Healthylife,Add to cart,Save to list
$15.95,$31.90 / 100G,Surfmud Mineral Sunscreen SPF 50+ 50g,Sold by Healthylife,Add to cart,Save to list
$26.95,$26.95 / 100ML,Surfmud Ocean Addicts Sunscreen SPF30 Tin 100g,Sold by Healthylife,Add to cart,Save to list
$39.95,Sydney Roosters NRL 3.70L Team Logo Tritan Water Drink Bottle,Sold by NPC Amusements,Add to cart,Save to list
$39.95,Sydney Roosters NRL Insulated School Lunch Box dome Cooler BAG,Sold by NPC Amusements,Add to cart,Save to list
$25.00,TODO Bluetooth Water Bottle Speaker 400Ml Portable Rechargeable Bottled Speakers - Blue,Sold by Panatech Australia,Add to cart,Save to list
SAVE $2.52,$3.78,$6.30,Sistema Plasticware Snack To Go Each,Promoted,Add to cart,Save to list
$39.00,Tatonka 1L Hot & Cold Stuff Stainless Steel Flask/Vaccum Insulated Drink Bottle,5.0,/,1,Sold by KG Superstore,Add to cart,Save to list
$39.95,Tempa 600ml Stainless Steel Double Wall Drink Water Bottle Metallic Rose 27.5cm,Sold by KG Superstore,Add to cart,Save to list
$39.95,Tempa 600ml Stainless Steel Double Walled Drink Water Bottle Metallic BLU 27.5cm,Sold by KG Superstore,Add to cart,Save to list
$49.50,Tempa Adjustable Buckle Closure Insulated Cotton Canvas Lunch Food Carry Bag BLK,Sold by KG Superstore,Add to cart,Save to list
$52.20,Tempa Adjustable Buckle Closure Insulated Cotton Canvas Lunch Food Carry Bag GRY,Sold by KG Superstore,Add to cart,Save to list
$49.50,Tempa Adjustable Buckle Closure Insulated Cotton Canvas Lunch Food Carry Bag NVY,Sold by KG Superstore,Add to cart,Save to list
$6.20,$7.38 / 100G,Table Of Plenty Mini Rice Cakes Milk Chocolate Snack Packs 6 pack,Promoted,Add to cart,Save to list
$3.30,$3.14 / 100G,Sunbites Sea Salt Snack Crackers With Quinoa Share Pack 105g,4.7,/,55, Promoted,Add to cart,Save to list
SAVE $1.30,$4.70,$6.00 - $3.09 / 100G,Nature Valley Salted Caramel Protein Bars 4 pack,Promoted,Add to cart,Save to list
SAVE $1.50,$3.50,$5.00 - $1.75 / 100G,Arnotts Shapes Multipack Cracker Biscuits Mini Chicken Crimpy 8 pack,Promoted,Add to cart,Save to list
$39.00,Tempa Asher 500ml Stainless Steel Double Walled Drink Bottle Tumbler Charcoal,Sold by KG Superstore,Add to cart,Save to list
$39.00,Tempa Asher 500ml Stainless Steel Double Walled Drink Bottle Water Tumbler Aqua,Sold by KG Superstore,Add to cart,Save to list
$39.00,Tempa Asher 500ml Stainless Steel Double Walled Drink Bottle Water Tumbler Gold,Sold by KG Superstore,Add to cart,Save to list
$39.00,Tempa Asher 500ml Stainless Steel Double Walled Drink Bottle Water Tumbler Navy,Sold by KG Superstore,Add to cart,Save to list
$39.00,Tempa Asher 500ml Stainless Steel Double Walled Drink Bottle Water Tumbler Pink,Sold by KG Superstore,Add to cart,Save to list
$32.00,Tempa Atticus 800ml Barley Stainless Steel Double Wall Water Drink Bottle XL GRY,Sold by KG Superstore,Add to cart,Save to list
$32.00,Tempa Atticus 800ml Compass Stainless Steel Double Wall Water Drink Bottle XL NV,Sold by KG Superstore,Add to cart,Save to list
$32.00,Tempa Atticus 800ml Mountain Stainless Steel Double Wall Water Drink Bottle GRN,Sold by KG Superstore,Add to cart,Save to list
$32.00,Tempa Atticus 800ml Tools Stainless Steel Double Wall Water Drink Bottle XL BLK,Sold by KG Superstore,Add to cart,Save to list
$49.50,Tempa Bento Airtight/Leakproof Lunch Food Double Storage Box w/Spoon/Fork White,Sold by KG Superstore,Add to cart,Save to list
$39.00,Tempa Bento Airtight/Leakproof Lunch Prep Food Storage Box w/Spoon/Fork/Knife WT,Sold by KG Superstore,Add to cart,Save to list
$44.10,Tempa Kayce Adjustable Insulated 33cm Single Wine Bag Cotton Storage Olive Green,Sold by KG Superstore,Add to cart,Save to list
$44.10,Tempa Kayce Adjustable Insulated 33cm Single Wine Bag Cotton Storage Slate Grey,Sold by KG Superstore,Add to cart,Save to list
$44.10,Tempa Kayce Adjustable Insulated 33cm Single Wine Bottle Bag Cotton Storage Navy,Sold by KG Superstore,Add to cart,Save to list
$49.50,Tempa Kayce Adjustable Insulated 34cm Double Wine Bag Cotton Storage Olive Green,Sold by KG Superstore,Add to cart,Save to list
$49.50,Tempa Kayce Adjustable Insulated 34cm Double Wine Bag Cotton Storage Slate Grey,Sold by KG Superstore,Add to cart,Save to list
$49.50,Tempa Kayce Adjustable Insulated 34cm Double Wine Bottle Bag Cotton Storage Navy,Sold by KG Superstore,Add to cart,Save to list
$31.00,Tempa Sawyer 500ml Double Walled Matte Terracotta Drinking Water Bottle Flask,Sold by KG Superstore,Add to cart,Save to list
SAVE $1.20,$2.80,$4.00 - $1.60 / 100G,Arnotts Shapes Cheddar Cracker Biscuits 175g,Promoted,Add to cart,Save to list
$6.20,$7.38 / 100G,Table Of Plenty Mini Rice Cakes Berry Yoghurt Topped 6 pack,Promoted,Add to cart,Save to list
$12.60,$8.40 / 1L,Sanitarium Up&Go Liquid Breakfast Choc Ice 6 Pack,Promoted,Add to cart,Save to list
$31.00,Tempa Sawyer 500ml Double Walled Metallic Chrome Drink Water Bottle Flask 24.5cm,Sold by KG Superstore,Add to cart,Save to list
$32.00,Tempa Sawyer 500ml Double Walled Metallic Navy Drink Water Bottle Flask 24.5cm,Sold by KG Superstore,Add to cart,Save to list
$31.00,Tempa Sawyer Brush 500ml Insulated Stainless Steel Drink/Water Bottle Alabaster,Sold by KG Superstore,Add to cart,Save to list
$31.00,Tempa Sawyer Brush 500ml Insulated Stainless Steel Drink/Water Bottle Blush,Sold by KG Superstore,Add to cart,Save to list
$31.00,Tempa Sawyer Brush 500ml Insulated Stainless Steel Drink/Water Bottle Olive,Sold by KG Superstore,Add to cart,Save to list
$32.00,Tempa Sawyer Brushed 500ml Insulated Stainless Steel Drink/Water Bottle Gold,Sold by KG Superstore,Add to cart,Save to list
EVERYDAY LOW PRICE,$10.00,$1.98 / 100G,Nature Valley Crunchy Family Variety Granola Bars 42g x 12 pack,Promoted,Add to cart,Save to list
SAVE $1.30,$4.70,$6.00 - $3.09 / 100G,Nature Valley Peanut & Chocolate Protein Bars 4 pack,Promoted,Add to cart,Save to list
$6.00,$4.00 / 100G,The Happy Snack Company Roasted Fava Beans Red Pepper & Chilli 6 Pack,4.8,/,18, Promoted,Add to cart,Save to list
$3.70,$3.70 / 1EA,Sistema Klip It Plus Rectangle 400ml,5.0,/,1, Promoted,Add to cart,Save to list
$39.00,$35.45 / 100G,The Base Collective Hydrating Facial Mineral Sunscreen SPF50 110g,Sold by Healthylife,Add to cart,Save to list
$39.00,The Good Brand Cotton 20x25cm Insulated Lunch Bag/Food Carry Storage Pouch Black,Sold by KG Superstore,Add to cart,Save to list
EST. RESTOCK 07/04/25,The Juice Lab Korean PArty Pear Juice 120mL,Add to cart,Save to list
$19.95,The Simpsons Homer Design Plastic Water Drink Bottle,Sold by NPC Amusements,Add to cart,Save to list
$59.95,Thermos 1.9 Litre THERMOcafe Drink Bottle - Black,Sold by PurpleSpoilz,Add to cart,Save to list
$39.95,Thermos 530ml Thermos Stainless Steel Hydration Bottle -Stainless Steel,Sold by Value Village,Add to cart,Save to list
$39.95,Thermos 560ml THERMOcafe Drink Bottle - Black,Sold by PurpleSpoilz,Add to cart,Save to list
$44.10,Thermos Foam Insulated Large Portable On The Go Cooler Water Bottle Pink 1.9L,Sold by KG Superstore,Add to cart,Save to list
$44.10,Thermos Foam Insulated Large Water/Drink Bottle Portable Cooler Charcoal 1.9L,Sold by KG Superstore,Add to cart,Save to list
$69.95,Thermos Stainless Steel Vacuum Insulated Sports Bottle with Pouch - 1.5 Litre,Sold by PurpleSpoilz,Add to cart,Save to list
$39.95,Thermos Thermocafe 1L Stainless Steel Vacuum Insulated Flask - Black,Sold by PurpleSpoilz,Add to cart,Save to list
$29.95,Thermos Thermocafe 500ml Stainless Steel Slim Vacuum Insulated Flask - Black,Sold by PurpleSpoilz,Add to cart,Save to list
$39.95,Thermos Thermocafe1 Litre Stainless Steel Slim Vacuum Insulated Flask - Black,Sold by PurpleSpoilz,Add to cart,Save to list
$71.10,Thermos Vacuum Insulated Durable Hydration Bottle with Carry Handle Grey 2L,Sold by KG Superstore,Add to cart,Save to list
$44.10,Thermos Vacuum Insulated Durable Portable On The Go Hydration Bottle 710ml,5.0,/,1,Sold by KG Superstore,Add to cart,Save to list
$42.30,Thermos Vacuum Insulated Durable Stainless Steel Bottle Matte Finish 770ml,Sold by KG Superstore,Add to cart,Save to list
$37.80,Thermos Vacuum Insulated Durable Stainless Steel Bottle Stainless Steel 530ml,Sold by KG Superstore,Add to cart,Save to list
$39.00,Thermos Vacuum Insulated Stainless Steel Hydration Water Drink Bottle Pink 470ml,Sold by KG Superstore,Add to cart,Save to list
$6.20,$7.38 / 100G,Table Of Plenty Mini Rice Cakes Snack Packs Caramel White Choc 6 pack,Promoted,Add to cart,Save to list
SAVE $1.40,$5.30,$6.70 - $7.07 / 1L,Sustagen High Protein Nutrition Top-Up Dutch Chocolate Ready To Drink 250mL x 3 pack,Promoted,Add to cart,Save to list
$5.00,$2.50 / 100G,Arnotts Mini Scotch Finger Multipack Biscuits 8 Pack,Promoted,Add to cart,Save to list
SAVE $0.60,$4.70,$5.30 - $0.62 / 100G,Abbott's Bakery Sourdough White Bread Sandwich Slice Loaf 760g,5.0,/,3, Promoted,Add to cart,Save to list
$35.65,$50.93 / 100ML,Thrive Tallow Non Tinted Sun Balm with Zinc 70ml,Sold by Healthylife,Add to cart,Save to list
$35.65,$50.93 / 100ML,Thrive Tallow Tinted Sun Balm with Zinc 70ml,Sold by Healthylife,Add to cart,Save to list
$23.99,Traderight Stainless Steel Water Bottle Vacuum Insulated Thermos Double Wall with Straw,Sold by Sello Products,Add to cart,Save to list
$12.30,Traverse Collapsible Water Bottle - 500ml,Sold by Wild Earth,Add to cart,Save to list
$22.39,Trudeau Fuel Food Container Lunchbox Lunch Box School Work Picnic Tropical Blue,Sold by Acos Ecommerce Group,Add to cart,Save to list
$32.99,Trudeau Tote Bag with Compartment Tropical Blue,Sold by Auspoints,Add to cart,Save to list
$15.00,$15.00 / 1EA,Sistema Klip It Plus Rectangle 1l 3 Pack,5.0,/,1, Promoted,Add to cart,Save to list
$5.00,$1.32 / 100G,Uno Penotti Hazelnut Spread 380g,Promoted,Add to cart,Save to list
SAVE $2.20,$4.70,$6.90 - $1.87 / 100G,Nature Valley Crunchy Variety Granola Bars 42g x 6 pack,Promoted,Add to cart,Save to list
$3.80,$4.18 / 100G,Sakata Stars Snack Sized Cheese Rice Crackers Multipack 13g x 7 Pack,Promoted,Add to cart,Save to list
$69.99,Unique Water Bottle Gym Black Myth WuKong Game 800ML,Sold by Splendid Home and Living,Add to cart,Save to list
$24.99,Vivva Water Bottle Vacuum Insulated Drink Cup 1.2L Stainless Steel Double Wall Cycling Tiffany Blue,Sold by Reec Home and Living,Add to cart,Save to list
$37.99,"Water Bottle Juice Bottle Food Grade Plastic Water Juice Ice Tea Jug With Lid (1.1L,Blue)",Sold by Splendid Home and Living,Add to cart,Save to list
$35.99,"Water Bottles 1000ml With Flip-top Filter Hydration In Tritan Ensure Daily Drink Enough Water For Fitness And Outdoor Enthusiasts And Gym And Outdoor Sports,Drink Bottle Pink",Sold by KHM Importing,Add to cart,Save to list
$31.95,Waterproof Leak-Proof Thermal Lunch Bag,Sold by Edragon Australia,Add to cart,Save to list
$29.00,Wildtrak Expanda 550ml Silicone Water Bottle Drink Container w/ Carabiner Assort,Sold by KG Superstore,Add to cart,Save to list
$39.00,Wiltshire Insulated Reusable Stainless Steel Water Drink Bottle Coral 900ml,Sold by KG Superstore,Add to cart,Save to list
$39.00,Wiltshire Insulated Reusable Stainless Steel Water Drink Bottle Teal 900ml,Sold by KG Superstore,Add to cart,Save to list
$39.00,Wiltshire Insulated Wide Stainless Steel Drinking Water Bottle Aqua 500ml,Sold by KG Superstore,Add to cart,Save to list
$39.00,Wiltshire Insulated Wide Stainless Steel Drinking Water Bottle Peach 500ml,Sold by KG Superstore,Add to cart,Save to list
$39.00,Wiltshire Insulated Wide Stainless Steel Drinking Water Bottle Turquoise 500ml,Sold by KG Superstore,Add to cart,Save to list
$35.00,Wiltshire Stainless Steel Cold/Hot Water Drinking Bottle Flamingo Pink 900ml,Sold by KG Superstore,Add to cart,Save to list
$39.00,Wiltshire Stainless Steel Cold/Hot Water/Liquid Drinking Bottle Green 900ml,Sold by KG Superstore,Add to cart,Save to list
$32.00,Wiltshire Stainless Steel Cold/Hot Water/Liquid Drinking Bottle Watermelon 500ml,Sold by KG Superstore,Add to cart,Save to list
OUT OF STOCK,Woolworths Corned Beef Sliced Per Kg,Add to cart,Save to list
$18.00,WorthBuy 4-Grid Snack Box 600ml For Each - Milk Brown,Sold by Hello Kitchen,Add to cart,Save to list
$28.30,$47.17 / 100G,Wotnot Natural Face Sunscreen BB Cream Untinted SPF30 60g,Sold by Healthylife,Add to cart,Save to list
$31.45,$52.42 / 100G,Wotnot Natural Face Sunscreen Beige SPF40 60g,Sold by Healthylife,Add to cart,Save to list
$3.80,$4.18 / 100G,Sakata Stars Snack Sized Original Rice Crackers Multipack 13g x 7 Pack,Promoted,Add to cart,Save to list
$5.00,$2.72 / 100G,Arnotts Tiny Teddy Hundreds & Thousands Multipack Biscuits 8 Pack,Promoted,Add to cart,Save to list
SAVE $1.50,$3.50,$5.00 - $1.75 / 100G,Arnotts Shapes Multipack Cracker Biscuits Barbecue 8 pack,Promoted,Add to cart,Save to list
SAVE $1.50,$3.50,$5.00 - $1.75 / 100G,Arnotts Shapes Multipack Cracker Biscuits Pizza 8 pack,Promoted,Add to cart,Save to list
$38.00,Zefal Magnum Pro 975ml Water Bottle Cycling Sports Drink Container Smoked Black,Sold by KG Superstore,Add to cart,Save to list
$27.00,Zefal Sense M65 650ml Water Bottle Sports Cycling Flask Container Translucent,Sold by KG Superstore,Add to cart,Save to list
$27.00,Zefal Sense M65 Sports/Cycling 650ml Water Bottle Drink Container Neon Yellow,Sold by KG Superstore,Add to cart,Save to list
$28.00,Zefal Sense M80 Cycling/Bicycle 800ml Water Bottle Drink Container Neon Yellow,Sold by KG Superstore,Add to cart,Save to list
$29.99,Zefal Sense Pro 50 Sports/Cycling 500ml Water Bottle Drink Container Black/Grey,Sold by KG Superstore,Add to cart,Save to list
$34.00,Zefal Sense Pro 65 Sports/Cycling 650ml Water Bottle Drink Container Smoked BLK,Sold by KG Superstore,Add to cart,Save to list
$6.20,$7.38 / 100G,Table Of Plenty Mini Rice Cakes Dark Chocolate Snack Packs 6 pack,Promoted,Add to cart,Save to list
SAVE $1.40,$5.30,$6.70 - $7.07 / 1L,Sustagen High Protein Nutrition Top-Up Vanilla Flavour Ready To Drink 250mL x 3 pack,Promoted,Add to cart,Save to list
SAVE $2.20,$4.70,$6.90 - $1.87 / 100G,Nature Valley Crunchy Oats & Honey Granola Bars 42g x 6 pack,Promoted,Add to cart,Save to list
$8.40,$8.40 / 1EA,Sistema Klip It Plus Rectangle 2.2l,1.0,/,1, Promoted,Add to cart,Save to list
$31.99,Zefal Sense Pro 65 Sports/Cycling 650ml Water Bottle Drink Container Translucent,Sold by KG Superstore,Add to cart,Save to list
$31.99,Zefal Sense Pro 80 Sports/Cycling 800ml Water Bottle Drink Container Smoked BLK,Sold by KG Superstore,Add to cart,Save to list
LOWER AUTUMN PRICE,$21.00,$21.00 / 1KG,RANGE WAS $23.50KG - 25/02/2025,Champagne Leg Ham Shaved From The Deli Per Kg,Add to cart,Save to list
$11.00,$11.00 / 1KG,Woolworths Beef Mince 1kg,4.4,/,430,Add to cart,Save to list
$10.00,$20.00 / 1KG,Woolworths Heart Smart Extra Lean Beef Mince 500g,4.7,/,623,Add to cart,Save to list
$15.50,$15.50 / 1KG,Woolworths Lean Beef Mince 1kg,4.8,/,327,Add to cart,Save to list
$19.00,$19.00 / 1KG,From the Deli Middle Bacon Rashers From The Deli Per Kg,Add to cart,Save to list
$9.00,$18.00 / 1KG,Woolworths Lean Beef Mince 500g,4.8,/,561,Add to cart,Save to list
$6.50,$13.00 / 1KG,Woolworths Beef Mince 500g,4.4,/,751,Add to cart,Save to list
$5.90,$10.73 / 1KG,2 FOR $10.00 - $9.09/1KG,Woolworths 10 Beef Sausages 550g,4.1,/,261,Add to cart,Save to list
SAVE $2.00,$24.00,$26.00 - $24.00 / 1KG,D'Orsogna Ham Leg Triple Smoked 97% Fat Free Shaved 1kg,Add to cart,Save to list
$11.50,$6.39 / 1KG,Market Value 26 Thin BBQ Sausages 1.8kg,4.2,/,255,Add to cart,Save to list
$23.00,$23.00 / 1KG,D'Orsogna Plain Streaky Bacon From The Deli Per Kg,Add to cart,Save to list
SAVE $4.12,$14.03,$18.15 - $8.50 / 1KG,MIN $12.10 - MAX $18.15,Woolworths RSPCA Approved Chicken Breast Fillet 1.1kg - 1.65kg,2.8,/,4,Item price based on max weight,Add to cart,Save to list
$19.50,$19.50 / 1KG,Deli Leg Ham Shaved From The Deli Per Kg,Add to cart,Save to list
$15.00,$15.00 / 1KG,Woolworths RSPCA Approved Chicken Thigh Fillet per kg,Add to cart,Save to list
SAVE $6.00,$15.00,$21.00 - $15.00 / 1KG,D'Orsogna Shortcut Bacon Per Kg,Add to cart,Save to list
$6.50,$13.00 / 1KG,Woolworths Pork & Beef Mince 500g,4.6,/,1461,Add to cart,Save to list
$12.00,$12.00 / 1KG,Woolworths RSPCA Approved Chicken Breast Fillet Min. 350g,Add to cart,Save to list
$8.50,$50.00 / 1KG,Woolworths Beef Scotch Fillet Steak 170g,5.0,/,1,Add to cart,Save to list
$6.00,$12.00 / 1KG,Woolworths Lean Pork Mince 500g,4.7,/,2014,Add to cart,Save to list
$13.00,$13.00 / 1KG,Woolworths Shortcut Bacon 1kg,4.8,/,584,Add to cart,Save to list
SAVE $1.10,$17.60,$18.70 - $16.00 / 1KG,ITEM PRICE BASED ON MAX WEIGHT,Macro Free Range Chicken Thigh Fillet 800g - 1.1kg,4.7,/,296,Add to cart,Save to list
$35.00,$35.00 / 1KG,Bertocchi Premium Boneless Leg Ham Shaved From The Deli Per Kg,Add to cart,Save to list
$9.50,$9.50 / 1KG,Hans Devon Sliced Per Kg,Add to cart,Save to list
SAVE $2.80,$18.20,$21.00 - $13.00 / 1KG,MIN $9.80 - MAX $19.60,Macro Chicken Breast Fillets Free Range 700g - 1.4kg,4.8,/,1076,Item price based on max weight,Add to cart,Save to list
$13.00,$13.00 / 1KG,Woolworths Middle Bacon 1kg,4.7,/,356,Add to cart,Save to list
SAVE $6.00,$40.00,$46.00 - $40.00 / 1KG,Salmon Tasmanian Atlantic Fillets Skinned & Boned Per Kg,2.0,/,4,Add to cart,Save to list
$3.00,$3.00 / 1EA,Woolworths Chicken Kyiv Garlic Each,Add to cart,Save to list
$8.00,$10.00 / 1KG,Woolworths Pork Mince 800g,4.8,/,750,Add to cart,Save to list
$4.40,$22.00 / 1KG,Woolworths Short Cut Bacon 200g,4.6,/,456,Add to cart,Save to list
$44.00,$44.00 / 1KG,Woolworths Salmon Tasmanian Atlantic Fillets Skin On Per Kg,4.4,/,16,Add to cart,Save to list
$8.25,$16.50 / 1KG,Woolworths Shortcut Bacon 500g,4.6,/,884,Add to cart,Save to list
$3.70,$3.70 / 1EA,Chicken Schnitzel Crumbed Each,Add to cart,Save to list
$5.00,$5.00 / 1KG,Woolworths RSPCA Approved Chicken Necks per kg,Add to cart,Save to list
$29.50,$29.50 / 1KG,Moira Mac's Oven Roasted Chicken Breast Shredded From The Deli Per Kg,Add to cart,Save to list
$8.50,$34.00 / 1KG,Woolworths Beef Rump Steak 250g,4.5,/,976,Add to cart,Save to list
$9.00,$18.00 / 1KG,Woolworths RSPCA Approved Chicken Breast Diced 500g,Add to cart,Save to list
SAVE $0.50,$6.00,$6.50 - $6.00 / 1KG,Woolworths RSPCA Approved Chicken Wings Three Joint per kg,Add to cart,Save to list
SAVE $0.40,$1.00,$1.40 - $1.00 / 1EA,Woolworths RSPCA Approved Chicken Kebab Honey Soy each,Add to cart,Save to list
SAVE $10.00,$24.00,$34.00 - $24.00 / 1KG,Don Premium Smokehouse Ham Shaved From The Deli per kg,Add to cart,Save to list
$6.50,$13.00 / 1KG,Woolworths RSPCA Approved Chicken Mince 500g,4.6,/,281,Add to cart,Save to list
SAVE $6.50,$26.00,$32.50 - $26.00 / 1KG,Don Melosi Leg Ham Shaved From The Deli per kg,Add to cart,Save to list
$27.00,$27.00 / 1KG,Primo Corned Beef Silverside Shaved From The Deli Per kg,Add to cart,Save to list
$12.50,$41.67 / 1KG,Woolworths Beef Rump Steak Medallion Small 300g,4.6,/,522,Add to cart,Save to list
$9.00,$18.00 / 1KG,Woolworths RSPCA Approved Chicken Breast Diced 500g,Add to cart,Save to list
$16.00,$16.00 / 1KG,Ingham's Chicken Sliced Roll Per Kg,Add to cart,Save to list
$11.00,$22.00 / 1KG,Macro Grass Fed Australian Premium Beef Mince 500g,4.7,/,563,Add to cart,Save to list
SAVE $2.00,$27.00,$29.00 - $27.00 / 1KG,Ingham's Oven Roasted Turkey Breast Sliced From The Deli Per Kg,Add to cart,Save to list
SAVE $1.40,$1.40,$2.80 - $1.40 / 1EA,Chicken Sandwich Schnitzel Each,Add to cart,Save to list
SAVE $8.00,$29.00,$37.00 - $29.00 / 1KG,D'Orsogna Premium Ham Off The Bone Shaved From The Deli Per Kg,Add to cart,Save to list
SAVE $3.00,$16.50,$19.50 - $35.87 / 1KG,Woolworths Salmon Portions Skin On 4 Pack,4.7,/,71,Add to cart,Save to list
$8.00,$16.00 / 1KG,Woolworths Lamb Mince 500g,4.6,/,973,Add to cart,Save to list
$27.50,$11.00 / 1KG,ITEM PRICE BASED ON MAX WEIGHT,Woolworths Corned Beef Silverside 1kg - 2.5kg,Add to cart,Save to list
SAVE $8.00,$24.00,$32.00 - $24.00 / 1KG,Woolworths Thawed Large Cooked Tiger Prawns Per Kg,1.5,/,2,Add to cart,Save to list
EVERYDAY LOW PRICE,$15.50,$10.33 / 1KG,Woolworths Chicken Bulk Schnitzels 1.5kg,3.9,/,1498,Add to cart,Save to list
SAVE $3.00,$18.50,$21.50 - $40.22 / 1KG,Woolworths Salmon Portions Skin Off 4 Pack,4.7,/,71,Add to cart,Save to list
EST. RESTOCK 06/04/25,Macro Whole Chicken Free Range 1.15kg - 2.25kg,4.8,/,346,View similar,products,             to Macro Whole Chicken Free Range 1.15kg - 2.25kg,Save to list
SAVE $2.40,$9.60,$12.00 - $16.00 / 1KG,ITEM PRICE BASED ON MAX WEIGHT,Woolworths Pork Loin Chop Medium 200g - 600g,4.7,/,68,Add to cart,Save to list
$23.50,$73.44 / 1KG,Woolworths Beef Eye Fillet Thick Cut Steak 320g,4.8,/,279,Add to cart,Save to list
$27.50,$11.00 / 1KG,ITEM PRICE BASED ON MAX WEIGHT,Woolworths Corned Beef Silverside 1kg - 2.5kg,4.7,/,246,Add to cart,Save to list
$24.00,$15.00 / 1KG,ITEM PRICE BASED ON MAX WEIGHT,Woolworths Lamb Leg Roast Half 750g - 1.6kg,3.0,/,10,Add to cart,Save to list
$5.90,$10.73 / 1KG,2 FOR $10.00 - $9.09/1KG,Woolworths 10 Chicken Sausages 550g,4.2,/,229,Add to cart,Save to list
SAVE $1.00,$8.00,$9.00 - $8.00 / 1KG,Woolworths Honey Soy Wings with RSPCA Approved Chicken per kg,Add to cart,Save to list
$8.00,$40.00 / 1KG,D'Orsogna Bacon Streaky 200g,5.0,/,2,Add to cart,Save to list
$9.00,$25.71 / 1KG,2 FOR $15.00 - $21.43/1KG,Woolworths Southern Style Buttermilk Chicken Thigh Fillet Burgers 350g,4.6,/,717,Add to cart,Save to list
$5.90,$10.73 / 1KG,2 FOR $10.00 - $9.09/1KG,Woolworths 16 Beef Chipolatas 550g,4.4,/,144,Add to cart,Save to list
$5.90,$10.73 / 1KG,2 FOR $10.00 - $9.09/1KG,Woolworths 10 Pork Sausages 550g,4.1,/,210,Add to cart,Save to list
$22.50,$22.50 / 1KG,Primo Kransky Cheese From The Deli Per Kg,Add to cart,Save to list
$16.80,$22.40 / 1KG,Primo Shortcut Rindless Bacon 750g,5.0,/,1,Add to cart,Save to list
$8.00,$20.00 / 1KG,2 FOR $15.00 - $18.75/1KG,Woolworths Pork Sizzle Steak 400g,4.6,/,935,Add to cart,Save to list
SAVE $5.20,$20.80,$26.00 - $16.00 / 1KG,ITEM PRICE BASED ON MAX WEIGHT,Woolworths Lamb Forequarter Chops 4 - 6 Pieces 800g - 1.3kg,3.7,/,11,Add to cart,Save to list
$10.50,$17.50 / 1KG,Woolworths Chicken Schnitzels 600g,4.1,/,1477,Add to cart,Save to list
$24.65,$14.50 / 1KG,MIN $14.50 - MAX $24.65,Woolworths RSPCA Approved Chicken Thigh Fillets Skinless Tray 1kg - 1.7kg,Item price based on max weight,Add to cart,Save to list
$21.00,$21.00 / 1KG,Moira Mac's Chicken Breast Supreme Sliced From The Deli Per kg,Add to cart,Save to list
$18.00,$18.00 / 1KG,Riverland Ham Shaved From The Deli Per kg,Add to cart,Save to list
$18.00,$18.00 / 1KG,Woolworths Barramundi Thawed Fillets Per Kg,Add to cart,Save to list
$9.00,$19.82 / 1KG,Woolworths 4 Angus Quarter Pound Beef Burgers 454g,4.2,/,207,Add to cart,Save to list
$8.00,$16.00 / 1KG,Woolworths 4 Classic Beef Burgers 500g,4.3,/,184,Add to cart,Save to list
$11.00,$27.50 / 1KG,Bertocchi Gold Long Rindless Premium Bacon 400g,Add to cart,Save to list
$8.00,$26.67 / 1KG,2 FOR $15.00 - $25.00/1KG,Woolworths Cook Beef Pepper Steaks 300g,4.0,/,672,Add to cart,Save to list
$15.50,$25.83 / 1KG,Woolworths Beef Oyster Blade Steak 600g,4.5,/,511,Add to cart,Save to list
$23.20,$29.00 / 1KG,ITEM PRICE BASED ON MAX WEIGHT,Woolworths Lamb Midloins 3 - 6 Pieces 450g - 800g,4.7,/,232,Add to cart,Save to list
SAVE $1.00,$5.60,$6.60 - $28.00 / 1KG,Don Short Cut Rindless Bacon 200g,Add to cart,Save to list
$12.00,$24.00 / 1KG,Woolworths Diced Beef Casserole 500g,4.2,/,519,Add to cart,Save to list
EVERYDAY LOW PRICE,$6.50,$14.77 / 1KG,Woolworths Crumbed Chicken Burgers 440g,4.3,/,1598,Add to cart,Save to list
$17.50,$7.00 / 1KG,ITEM PRICE BASED ON MAX WEIGHT,Steggles Family Roast Whole Chicken 1.8kg - 2.5kg,3.0,/,2,Add to cart,Save to list
SAVE $1.00,$10.50,$11.50 - $21.00 / 1KG,Macro Free Range Chicken Breast Schnitzel 500g,4.6,/,944,Add to cart,Save to list
$11.38,$17.50 / 1KG,ITEM PRICE BASED ON MAX WEIGHT,Woolworths RSPCA Approved Chicken Thigh Skinless Fillets Small 550g - 650g,Add to cart,Save to list
$9.00,$30.00 / 1KG,2 FOR $15.00 - $25.00/1KG,Woolworths Lamb Strips Souvlaki Style 300g,4.2,/,222,Add to cart,Save to list
$8.50,$18.89 / 1KG,2 FOR $15.00 - $16.67/1KG,Woolworths Bbq Lamb Kebabs With Mint & Honey 450g,3.9,/,969,Add to cart,Save to list
SAVE $2.50,$12.00,$14.50 - $44.44 / 1KG,Macro Grass Fed Australian Beef Scotch Fillet 270g,4.8,/,463,Add to cart,Save to list
$35.00,$43.75 / 1KG,ITEM PRICE BASED ON MAX WEIGHT,Woolworths Beef Scotch Fillet Steak Medium 280g - 800g,4.7,/,314,Add to cart,Save to list
$16.80,$22.40 / 1KG,Primo Shortcut Rindless Bacon 750g,5.0,/,1,Add to cart,Save to list
$8.00,$20.00 / 1KG,2 FOR $15.00 - $18.75/1KG,Woolworths Pork Sizzle Steak 400g,4.6,/,935,Add to cart,Save to list
$6.80,$34.00 / 1KG,Primo Shortcut Rindless Bacon 200g,Add to cart,Save to list
$8.00,$20.00 / 1KG,2 FOR $15.00 - $18.75/1KG,Woolworths &Veg Beef Meatballs With Carrot Celery Tomato & Onion 400g,4.1,/,549,Add to cart,Save to list
$5.90,$10.73 / 1KG,2 FOR $10.00 - $9.09/1KG,Woolworths 16 Pork Chipolatas 550g,4.4,/,315,Add to cart,Save to list
$6.50,$65.00 / 1KG,Woolworths Wood Smoked & Sliced Smoked Salmon Natural 100g,4.6,/,582,Add to cart,Save to list
$8.00,$8.00 / 1KG,Woolworths Frozen Basa Fillets 1kg,4.3,/,816,Add to cart,Save to list
EVERYDAY LOW PRICE,$8.00,$4.00 / 1KG,Woolworths RSPCA Approved Chicken Drumsticks 2kg,Add to cart,Save to list
$21.00,$21.00 / 1KG,Moira Mac's Chicken Breast Supreme Shaved From The Deli Per kg,Add to cart,Save to list
$9.00,$18.00 / 1KG,Woolworths Classic Cumberland Pork Sausages 500g,4.4,/,440,Add to cart,Save to list
IN-STORE ONLY,Woolworths RSPCA Approved Chicken Thigh Cutlets Skinless 450g - 750g,4.4,/,312,View similar,products,             to Woolworths RSPCA Approved Chicken Thigh Cutlets Skinless 450g - 750g,Save to list
$7.00,$14.00 / 1KG,Woolworths Heart Smart Extra Lean Pork Mince 500g,4.8,/,388,Add to cart,Save to list
SAVE $1.50,$14.00,$15.50 - $46.67 / 1KG,Macro Grass Fed Beef Rump Steak Medallions 300g,4.6,/,1147,Add to cart,Save to list
$15.00,$30.00 / 1KG,Macro Organic Extra Lean Beef Mince 500g,4.6,/,82,Add to cart,Save to list
$8.00,$20.00 / 1KG,2 FOR $15.00 - $18.75/1KG,Woolworths Pork & Veal Meatballs 400g,4.2,/,667,Add to cart,Save to list
$10.00,$25.00 / 1KG,Ingham's Turkey Breast Mince 400g,Add to cart,Save to list
$10.50,$21.00 / 1KG,Woolworths Cook Chicken Breast Steaks Lemon & Pepper 500g,4.3,/,561,Add to cart,Save to list
SAVE $2.00,$12.00,$14.00 - $24.00 / 1KG,Macro Organic Lean Beef Mince 500g,Add to cart,Save to list
$10.00,$20.00 / 1KG,Macro Grass Fed 4 Extra Lean Beef Burgers 500g,Add to cart,Save to list
$8.00,$17.78 / 1KG,Woolworths 6 Smash Beef Burgers 450g,Add to cart,Save to list
$8.00,$16.00 / 1KG,Woolworths 6 Stacker Beef Burgers 500g,Add to cart,Save to list
$25.20,$21.00 / 1KG,ITEM PRICE BASED ON MAX WEIGHT,Market Value Rump Steak 700g - 1.2kg,Add to cart,Save to list
$20.50,$64.06 / 1KG,Macro Grass Fed Australian Beef Eye Fillet 320g,4.9,/,359,Add to cart,Save to list
SAVE $2.00,$12.00,$14.00 - $24.00 / 1KG,Macro Organic Lean Beef Mince 500g,4.8,/,133,Add to cart,Save to list
$10.00,$20.00 / 1KG,Macro Grass Fed 4 Extra Lean Beef Burgers 500g,4.4,/,224,Add to cart,Save to list
$8.00,$17.78 / 1KG,Woolworths 6 Smash Beef Burgers 450g,4.1,/,220,Add to cart,Save to list
$8.00,$16.00 / 1KG,Woolworths 6 Stacker Beef Burgers 500g,4.2,/,191,Add to cart,Save to list
$25.20,$21.00 / 1KG,ITEM PRICE BASED ON MAX WEIGHT,Market Value Rump Steak 700g - 1.2kg,2.7,/,3,Add to cart,Save to list
$27.00,$27.00 / 1KG,Just Caught Peeled & Deveined Raw Prawns 1kg,Add to cart,Save to list
SAVE $1.50,$8.50,$10.00 - $18.89 / 1KG,Peppercorn Beef Sausages Extra Lean 450g,Add to cart,Save to list
SAVE $4.00,$37.00,$41.00 - $37.00 / 1KG,Pastoral Rare Roast Beef Sliced From The Deli Per kg,Add to cart,Save to list
$22.40,$32.00 / 1KG,MIN $8.00 - MAX $22.40,Woolworths Beef T Bone Steak Medium 250g - 700g,4.7,/,269,Item price based on max weight,Add to cart,Save to list
$3.75,$7.50 / 1KG,Woolworths RSPCA Approved Chicken Hearts 500g,3.8,/,114,Add to cart,Save to list
SAVE $0.50,$6.50,$7.00 - $12.87 / 1KG,Woolworths 6 Beef Sausages 505g,4.1,/,262,Add to cart,Save to list
$17.60,$22.00 / 1KG,ITEM PRICE BASED ON MAX WEIGHT,Macro Grass Fed Beef Chuck Steak 380g - 800g,4.7,/,151,Add to cart,Save to list
$6.80,$27.20 / 1KG,Primo Middle Rindless Bacon 250g,Add to cart,Save to list
$32.00,$16.00 / 1KG,ITEM PRICE BASED ON MAX WEIGHT,Woolworths Beef Bolar Blade Roast 900g - 2kg,4.7,/,252,Add to cart,Save to list
$11.50,$15.33 / 1KG,Woolworths 12 Chicken Kebabs Smokey BBQ 750g,4.4,/,169,Add to cart,Save to list
SAVE $1.50,$8.50,$10.00 - $18.89 / 1KG,Peppercorn Beef Sausages Extra Lean 450g,2.0,/,1,Add to cart,Save to list
$12.00,$24.00 / 1KG,Macro Free Range Chicken Stir Fry 500g,4.5,/,522,Add to cart,Save to list
$10.50,$17.50 / 1KG,Woolworths Chicken Schnitzels Garlic & Herb 600g,4.2,/,887,Add to cart,Save to list
$8.00,$32.00 / 1KG,2 FOR $15.00 - $30.00/1KG,Woolworths Pork Medallion 250g,4.6,/,1063,Add to cart,Save to list
SAVE $1.60,$10.00,$11.60 - $33.33 / 1KG,Just Caught Raw Prawn Meat 300g,5.0,/,1,Add to cart,Save to list
$18.00,$60.00 / 1KG,Tassal Atlantic Salmon Skin On 300g,5.0,/,1,Add to cart,Save to list
$14.00,$63.64 / 1KG,Macro Wholefoods Market Grass Fed Beef Porterhouse Steak With Garlic Butter 220g,4.6,/,251,Add to cart,Save to list
$19.00,$63.33 / 1KG,Tassal Atlantic Salmon Skin Off 300g,Add to cart,Save to list
SAVE $3.00,$13.50,$16.50 - $13.50 / 1KG,Bertocchi Mortadella Green Olives Sliced From The Deli Per Kg,Add to cart,Save to list
LOWER AUTUMN PRICE,$12.50,$25.00 / 1KG,WAS $14.30 - 25/02/2025,Just Caught Garlic Prawns 500g,Add to cart,Save to list
$13.00,$50.00 / 1KG,Humpty Doo Barramundi Skin On 260g,1.0,/,1,Add to cart,Save to list
$11.00,$27.50 / 1KG,Bertocchi Gold Short Rindless Premium Bacon 400g,Add to cart,Save to list
$8.50,$14.17 / 1KG,Woolworths Homestyle Beef Rissoles 8 Pack,3.9,/,363,Add to cart,Save to list
$5.90,$10.73 / 1KG,2 FOR $10.00 - $9.09/1KG,Woolworths 10 Smokey BBQ Pork Sausages 550g,4.1,/,257,Add to cart,Save to list
$8.00,$21.33 / 1KG,Woolworths 6 Chicken Kebabs Smokey BBQ 375g,4.2,/,144,Add to cart,Save to list
$10.50,$52.50 / 1KG,Woolworths Beef Scotch Fillet Steak With Peppercorn Butter 200g,4.5,/,195,Add to cart,Save to list
$7.30,$36.50 / 1KG,D'Orsogna Natural Shortcut Bacon Gluten Free Wood Smoked 200g,5.0,/,1,Add to cart,Save to list
$10.00,$2.86 / 100G,Macro Free Range Chicken Schnitzel 350g,4.4,/,369,Add to cart,Save to list
$38.00,$20.00 / 1KG,ITEM PRICE BASED ON MAX WEIGHT,Woolworths Pork Ribs 600g - 1.9kg,4.8,/,66,Add to cart,Save to list
$3.75,$7.50 / 1KG,Woolworths RSPCA Approved Chicken Livers 500g,3.9,/,129,Add to cart,Save to list
$9.00,$18.00 / 1KG,2 FOR $15.00 - $15.00/1KG,Woolworths Bbq Boneless Thigh Fillets With Japanese Style Marinade 500g,4.6,/,370,Add to cart,Save to list
$6.60,$8.92 / 1KG,Market Value 12 Thin BBQ Sausages 740g,3.8,/,207,Add to cart,Save to list
SAVE $1.00,$7.50,$8.50 - $18.75 / 1KG,Woolworths Basa Fillets Boneless With Skin Off 400g,4.1,/,98,Add to cart,Save to list
$9.00,$24.00 / 1KG,2 FOR $15.00 - $20.00/1KG,Woolworths 8 Mini Chicken Kebabs Satay Style 375g,4.2,/,139,Add to cart,Save to list
SAVE $6.00,$20.00,$26.00 - $20.00 / 1KG,Woolworths Thawed Medium Cooked Tiger Prawns Per Kg,Add to cart,Save to list
$30.00,$35.29 / 1KG,Just Caught Raw Prawn Cutlets 850g,Add to cart,Save to list
SAVE $1.00,$5.60,$6.60 - $28.00 / 1KG,Don Bacon Pan Size Rindless 200g,Add to cart,Save to list
$10.00,$10.00 / 1KG,Woolworths COOK Chicken Wing Nibbles Sweet Chilli Jam 1kg,4.3,/,239,Add to cart,Save to list
$13.75,$11.00 / 1KG,ITEM PRICE BASED ON MAX WEIGHT,Macro Free Range Chicken Splits Lemon & Garlic 900g - 1.25kg,4.9,/,16,Add to cart,Save to list
$8.00,$16.00 / 1KG,Macro Grass Fed 6 Extra Lean Beef Sausages 500g,3.8,/,233,Add to cart,Save to list
$29.40,$21.00 / 1KG,ITEM PRICE BASED ON MAX WEIGHT,Woolworths Cook Butterflied Lamb Leg With Garlic & Herbs 750g - 1.4kg,4.6,/,366,Add to cart,Save to list
$23.00,$19.17 / 1KG,Woolworths Moisture Infused Pork Chops 1.2kg,4.3,/,206,Add to cart,Save to list
$11.00,$27.50 / 1KG,Macro Free Range Chicken Breast Tenders 400g,4.6,/,362,Add to cart,Save to list
$11.00,$17.46 / 1KG,Woolworths Chef's Selection Variety Sausages 8 Pack,4.5,/,329,Add to cart,Save to list
$8.50,$21.25 / 1KG,Woolworths Moisture Infused Pork Chops 400g,5.0,/,1,Add to cart,Save to list
$8.50,$18.89 / 1KG,2 FOR $15.00 - $16.67/1KG,Woolworths Bbq Beef Kebabs Mild 450g,3.9,/,351,Add to cart,Save to list
$8.50,$21.25 / 1KG,2 FOR $15.00 - $18.75/1KG,Woolworths Chicken Kyiv Bites With Creamy Garlic Filling 400g,4.2,/,674,Add to cart,Save to list
$9.00,$20.00 / 1KG,Woolworths Cracked Black Pepper Wagyu Beef Sausages 450g,4.2,/,468,Add to cart,Save to list
SAVE $6.00,$16.00,$22.00 - $16.00 / 1KG,D'Orsogna Shortcut Bacon 1kg,5.0,/,2,Add to cart,Save to list
$8.00,$17.39 / 1KG,2 FOR $15.00 - $16.30/1KG,Woolworths Classic Beef Sausage Roll 460g,3.9,/,733,Add to cart,Save to list
$7.20,$9.00 / 1KG,ITEM PRICE BASED ON MAX WEIGHT,Woolworths RSPCA Approved Chicken Maryland Supreme 530g - 800g,4.4,/,95,Add to cart,Save to list
$10.00,$20.00 / 1KG,Macro Free Range 4 Chicken & Zucchini Burgers 500g,4.3,/,132,Add to cart,Save to list
$15.00,$100.00 / 1KG,Tassal Smoked Salmon 150g,Add to cart,Save to list
OUT OF STOCK,Woolworths Fresh Skin Off Barramundi Fillets Per Kg,Add to cart,Save to list
$3.75,$7.50 / 1KG,Woolworths RSPCA Approved Chicken Giblets 500g,3.7,/,94,Add to cart,Save to list
$8.50,$21.25 / 1KG,Steggles Turkey Rissoles With Parsley & Onion 400g,Add to cart,Save to list
IN-STORE ONLY,Market Value 10 BBQ Burgers 1kg,3.5,/,252,View similar,products,             to Market Value 10 BBQ Burgers 1kg,Save to list
$27.00,$45.00 / 1KG,ITEM PRICE BASED ON MAX WEIGHT,Woolworths Lamb Cutlets 4 - 7 Pieces 250g - 600g,4.6,/,51,Add to cart,Save to list
$5.90,$10.73 / 1KG,2 FOR $10.00 - $9.09/1KG,Woolworths 10 Sweet Chilli Chicken Sausages 550g,3.9,/,319,Add to cart,Save to list
$4.20,$6.00 / 1KG,ITEM PRICE BASED ON MAX WEIGHT,Woolworths RSPCA Approved Chicken Drumsticks 450g - 700g,5.0,/,1,Add to cart,Save to list
$6.80,$34.00 / 1KG,Primo Extra Crispy Streaky Bacon 200g,Add to cart,Save to list
$15.00,$53.57 / 1KG,Woolworths Salmon Portions Skin On 2 Pack,4.6,/,80,Add to cart,Save to list
$14.00,$53.85 / 1KG,Humpty Doo Barramundi Skin Off 260g,Add to cart,Save to list
$3.75,$7.50 / 1KG,Woolworths RSPCA Approved Chicken Giblets 500g,3.7,/,94,Add to cart,Save to list
$11.70,$9.00 / 1KG,ITEM PRICE BASED ON MAX WEIGHT,Woolworths RSPCA Approved Chicken Plain Wing Nibbles 1kg - 1.3kg,4.4,/,102,Add to cart,Save to list
$11.00,$18.33 / 1KG,Woolworths RSPCA Approved Chicken Tenderloins 600g,1.0,/,1,Add to cart,Save to list
$5.50,$18.33 / 1KG,Woolworths RSPCA Approved Chicken Single Breast Fillet 300g,Add to cart,Save to list
$9.00,$22.50 / 1KG,Woolworths 4 Crispy Southern Style Chicken Burgers 400g,Add to cart,Save to list
$9.00,$30.00 / 1KG,2 FOR $15.00 - $25.00/1KG,Woolworths Cook Pork Medallions Garlic & Herb Stuffing 300g,Add to cart,Save to list
$12.00,$20.00 / 1KG,Peppercorn Butch Beef Jumbo Burger Garlic Pepper 600g,Add to cart,Save to list
SAVE $1.50,$7.50,$9.00 - $7.50 / 1KG,Just Caught Skinless Basa Fillets Frozen 1kg,5.0,/,1,Add to cart,Save to list
SAVE $1.50,$10.50,$12.00 - $17.50 / 1KG,Steggles Chicken Breast Schnitzel Gravy Flavoured 600g,Add to cart,Save to list
SAVE $1.50,$11.00,$12.50 - $19.64 / 1KG,Woolworths Cook Chinese Bbq Style Pork With Char Siu Sauce 560g,4.3,/,246,Add to cart,Save to list
SAVE $6.00,$16.00,$22.00 - $16.00 / 1KG,D'orsogna Middle Bacon 1kg,Add to cart,Save to list
$21.00,$84.00 / 1KG,Tassal Smoked Salmon 250g,Add to cart,Save to list
$11.00,$18.33 / 1KG,Woolworths 4 Souvlaki Chicken Kebabs 600g,3.9,/,132,Add to cart,Save to list
$25.56,$18.00 / 1KG,ITEM PRICE BASED ON MAX WEIGHT,Market Value Blade Steak 700g - 1.420kg,4.7,/,3,Add to cart,Save to list
SAVE $1.00,$5.60,$6.60 - $28.00 / 1KG,Don Bacon Pansize Double Smoked 200g,Add to cart,Save to list
$10.00,$45.45 / 1KG,Woolworths Cocktail Prawns Peeled & Deveined 220g,4.4,/,205,Add to cart,Save to list
$10.00,$45.45 / 1KG,Woolworths Raw Prawn Meat 220g,4.6,/,195,Add to cart,Save to list
$9.00,$18.00 / 1KG,Woolworths Peri Peri Chicken Breast Fillets 500g,4.4,/,171,Add to cart,Save to list
$27.00,$30.00 / 1KG,ITEM PRICE BASED ON MAX WEIGHT,Market Value Scotch Fillet 420g - 900g,4.7,/,3,Add to cart,Save to list
$13.00,$16.25 / 1KG,Woolworths COOK Slow Cooked Meatballs In Rich Tomato Sauce 800g,3.9,/,107,Add to cart,Save to list
$5.25,$2.10 / 100ML,Birch & Waite Rich Tartare Seafood Sauce 250ml,Add to cart,Save to list
$9.10,$7.00 / 1KG,ITEM PRICE BASED ON MAX WEIGHT,Woolworths Beef Soup Bones 1kg - 1.3kg,Add to cart,Save to list
$9.00,$24.00 / 1KG,Macro 6 Free Range Chicken Kebabs Lemon & Herb 375g,4.0,/,94,Add to cart,Save to list
$26.00,$26.00 / 1KG,Ocean Chef Fish Barramundi Portions Skin On 10 pack,Add to cart,Save to list
$14.50,$38.16 / 1KG,Luv-A-Duck Fresh Duck Breast Fillets 380g,Add to cart,Save to list
$6.50,$18.06 / 1KG,Steggles Chicken Breast Fingers Crumbed 360g,Add to cart,Save to list
$13.00,$86.67 / 1KG,Tassal Hot Smoked Salmon Peppercorn 150g,Add to cart,Save to list
$21.00,$15.00 / 1KG,ITEM PRICE BASED ON MAX WEIGHT,Macro Free Range Chicken Boneless Butterflied Chicken Moroccan 900g - 1.4kg,4.8,/,219,Add to cart,Save to list
$11.00,$27.50 / 1KG,K-Roo Kangaroo Sizzle Steak 400g,5.0,/,1,Add to cart,Save to list
$16.00,$24.62 / 1KG,Woolworths COOK Slow Cooked Roast Beef In A Rich & Savoury Sauce 650g,5.0,/,1,Add to cart,Save to list
LOWER AUTUMN PRICE,$10.00,$22.22 / 1KG,WAS $14.50 - 25/02/2025,Luv-A-Duck Confit Duck Legs Slow Cooked 450g,Add to cart,Save to list
$9.50,$27.14 / 1KG,2 FOR $12.00 - $17.14/1KG,Primo Middle Bacon Rindless 350g,Add to cart,Save to list
IN-STORE ONLY,Moira Mac's Smoked Chicken Breast 300g,View similar,products,             to Moira Mac's Smoked Chicken Breast 300g,Save to list
$20.90,$20.90 / 1KG,Woolworths Frozen Barramundi 1kg,4.3,/,259,Add to cart,Save to list
$10.00,$25.00 / 1KG,Ingham's Turkey Breast Steaks 400g,Add to cart,Save to list
IN-STORE ONLY,Woolworths Pork Loin Roast Boneless Small 1.2kg - 2kg,4.8,/,31,Add to cart,Save to list
$39.00,$26.00 / 1KG,ITEM PRICE BASED ON MAX WEIGHT,Woolworths Beef Short Ribs 800g - 1.5kg,4.6,/,16,Add to cart,Save to list
$13.00,$18.57 / 1KG,Woolworths Slow Cooked Chicken Breast In Creamy Mushroom Sauce 700g,3.8,/,67,Add to cart,Save to list
$8.00,$20.00 / 1KG,2 FOR $15.00 - $18.75/1KG,Pork Stir Fry 400g,4.6,/,1061,Add to cart,Save to list
$13.00,$86.67 / 1KG,Tassal Hot Smoked Salmon Natural 150g,Add to cart,Save to list
$11.50,$82.14 / 1KG,Ocean Blue Crab Meat 140g,Add to cart,Save to list
$9.00,$20.00 / 1KG,Woolworths Gourmet Chicken Sausages Classic With Chives 450g,4.2,/,158,Add to cart,Save to list
$15.00,$30.00 / 1KG,Ocean Chef Peeled Tail Off & Deveined Raw Prawns 500g,Add to cart,Save to list
SAVE $3.00,$30.00,$33.00 - $30.00 / 1EA,Woolworths Cooked Thawed Small Rock Lobster Each,Add to cart,Save to list
OUT OF STOCK,Noel Smoked Spanish Jamon Serrano Freshly Sliced From The Deli Per Kg,View similar,products,             to Noel Smoked Spanish Jamon Serrano Freshly Sliced From The Deli Per Kg,Save to list
$21.00,$21.00 / 1KG,Ocean Chef South American Flathead Fillets 1kg,Add to cart,Save to list
$8.00,$16.00 / 1KG,Macro Free Range 6 Pork Sausages 500g,4.5,/,258,Add to cart,Save to list
$9.50,$27.14 / 1KG,Primo Shortcut Rindless Bacon 350g,Add to cart,Save to list
$10.00,$45.45 / 1KG,Woolworths Raw Prawns With Garlic & Herb Marinade 220g,4.6,/,222,Add to cart,Save to list
$7.00,$35.00 / 1KG,The British Sausage Co Raw Smoked Rindless Back Bacon 200g,Add to cart,Save to list
$6.80,$34.00 / 1KG,Primo Salt Reduced Shortcut Rindless Bacon 200g,Add to cart,Save to list
SAVE $0.50,$6.50,$7.00 - $12.87 / 1KG,Woolworths 6 Onion & Sage Pork Sausages 505g,4.3,/,254,Add to cart,Save to list
OUT OF STOCK,Clearly Premium Smoked Salmon 500g,Add to cart,Save to list
$10.00,$16.67 / 1KG,Woolworths Buttermilk Tennessee Style Chicken Wing Nibbles 600g,4.3,/,527,Add to cart,Save to list
$11.50,$15.33 / 1KG,Woolworths 12 Chicken Kebabs Sweet Curry 750g,Add to cart,Save to list
$24.00,$48.00 / 1KG,"Birds Eye Ocean Selections Raw Prawns Frozen, Peeled & Tail Off 500g",Add to cart,Save to list
EST. RESTOCK 08/04/25,K-Roo Kangaroo Burger 440g,5.0,/,1,Add to cart,Save to list
$15.90,$26.50 / 1KG,ITEM PRICE BASED ON MAX WEIGHT,K-Roo Kangaroo Steak 500g - 600g,Add to cart,Save to list
$18.00,$100.00 / 1KG,Superior Gold Salmon Smoked 180g,Add to cart,Save to list
$14.00,$58.33 / 1KG,JC Seafood Jumbo Cooked Prawn Cutlets 240g,Add to cart,Save to list
$13.95,$31.00 / 1KG,ITEM PRICE BASED ON MAX WEIGHT,Primo Speck Portion 100g - 450g,Add to cart,Save to list
$11.50,$15.33 / 1KG,Woolworths 12 Chicken Kebabs Sweet Curry 750g,4.2,/,73,Add to cart,Save to list
$24.00,$48.00 / 1KG,"Birds Eye Ocean Selections Raw Prawns Frozen, Peeled & Tail Off 500g",Add to cart,Save to list
EST. RESTOCK 08/04/25,K-Roo Kangaroo Burger 440g,5.0,/,1,Add to cart,Save to list
$15.90,$26.50 / 1KG,ITEM PRICE BASED ON MAX WEIGHT,K-Roo Kangaroo Steak 500g - 600g,Add to cart,Save to list
EVERYDAY LOW PRICE,$25.30,$23.00 / 1KG,ITEM PRICE BASED ON MAX WEIGHT,Primo Corned Beef Silverside 500g - 1.1kg,Add to cart,Save to list
EVERYDAY LOW PRICE,$13.00,$26.00 / 1KG,Primo Middle Rindless Bacon Twin Pack 500g,Add to cart,Save to list
$33.00,$20.00 / 1KG,ITEM PRICE BASED ON MAX WEIGHT,Woolworths Cook Butterflied Lamb Shoulder With Rosemary & Mint 850g - 1.65kg,4.4,/,501,Add to cart,Save to list
$9.00,$20.00 / 1KG,Woolworths Gourmet Lamb Sausages With Oregano & Garlic 450g,4.3,/,176,Add to cart,Save to list
$10.00,$10.00 / 1KG,Woolworths Surimi Mix 1kg,4.2,/,502,Add to cart,Save to list
$13.50,$38.57 / 1KG,Goulburn River Trout Hot Smoked Rainbow Trout 350g,Add to cart,Save to list
$28.20,$23.50 / 1KG,ITEM PRICE BASED ON MAX WEIGHT,Woolworths Hickory Smoked Leg Ham 400g - 1.2kg,4.7,/,228,Add to cart,Save to list
SAVE $3.00,$27.00,$30.00 - $27.00 / 1KG,Ocean Chef Fish King Snapper Portions 1kg,Add to cart,Save to list
OUT OF STOCK,Macro Grass Fed Beef Rump Roast 450g - 850g,4.4,/,55,Add to cart,Save to list
$8.70,$17.40 / 1KG,Just Caught Frozen Natural Squid Rings 500g,5.0,/,1,Add to cart,Save to list
$17.60,$32.00 / 1KG,ITEM PRICE BASED ON MAX WEIGHT,Macro Australian Grass Fed Beef Flank Steak 200g - 550g,4.3,/,30,Add to cart,Save to list
EST. RESTOCK 06/04/25,Woolworths Chicken Tenderloins In Lemon & Garlic Marinade 500g,4.4,/,522,Add to cart,Save to list
IN-STORE ONLY,Woolworths Cook Pork Knuckle 630g - 1.3kg,4.5,/,107,View similar,products,             to Woolworths Cook Pork Knuckle 630g - 1.3kg,Save to list
$12.00,$12.00 / 1KG,ITEM PRICE BASED ON MAX WEIGHT,Macro Free Range Butterflied Half Chicken With Peri Peri Rub 600g - 1kg,4.7,/,7,Add to cart,Save to list
$28.50,$28.50 / 1KG,ITEM PRICE BASED ON MAX WEIGHT,Woolworths Beef Cheek 300g - 1kg,Add to cart,Save to list
$21.00,$23.33 / 1KG,Woolworths COOK Slow Cooked Pork Rib Rack With Sweet & Smokey BBQ Glaze 900g,4.8,/,28,Add to cart,Save to list
$7.50,$20.00 / 1KG,Talley's Chilled Mussels Marinated Plain 375g,Add to cart,Save to list
SAVE $2.00,$23.00,$25.00 - $38.33 / 1KG,Humpty Doo Australian Saltwater Barramundi 600g,Add to cart,Save to list
SAVE $4.00,$8.00,$12.00 - $13.33 / 1KG,Steggles Memphis BBQ Style Chicken Breast Burger 600g,Add to cart,Save to list
$19.00,$22.35 / 1KG,D'Orsogna Mini Champagne Leg Ham 850g,Add to cart,Save to list
SAVE $9.00,$30.00,$39.00 - $30.00 / 1KG,Woolworths Cooked Jumbo Tiger Prawns Thawed Per Kg,Add to cart,Save to list
$6.50,$32.50 / 1KG,Woolworths Smoked Bacon Pan Sized 200g,4.6,/,177,Add to cart,Save to list
$9.50,$9.50 / 1KG,Woolworths Devon Round PER KG,Add to cart,Save to list
$7.50,$20.00 / 1KG,Talley's Chilled Mussels Marinated Garlic 375g,Add to cart,Save to list
SAVE $2.00,$27.00,$29.00 - $27.00 / 1KG,Woolworths Turkey Breast Oven Roasted Shaved PER KG,Add to cart,Save to list
LOWER AUTUMN PRICE,$7.50,$75.00 / 1KG,WAS $8.50 - 25/02/2025,Ocean Blue Ocean Trout Smoked 100g,Add to cart,Save to list
SAVE $3.00,$27.00,$30.00 - $27.00 / 1KG,Ocean Chef Tuna Yellowfin Tuna Steaks 1kg,5.0,/,1,Add to cart,Save to list
$4.88,$6.50 / 1KG,ITEM PRICE BASED ON MAX WEIGHT,Woolworths Lamb Offal Liver 450g - 750g,Add to cart,Save to list
$12.33,$14.50 / 1KG,Three Aussie Farmers Bulk Smoked Hocks Min. 850g,Add to cart,Save to list
$42.00,$14.00 / 1KG,MIN $21.25 - MAX $37.50,Woolworths Quarter Leg Ham 1.7kg - 3kg,4.8,/,64,Item price based on max weight,Add to cart,Save to list
$5.25,$2.10 / 100ML,Birch & Waite Seafood Sauce Creamy Cocktail 250ml,Add to cart,Save to list
$17.70,$17.70 / 1KG,Hans Strassburg Sliced Traditional Per Kg,Add to cart,Save to list
$24.50,$30.63 / 1KG,Ingham's Classic Turkey Breast Oven Roasted 800g,Add to cart,Save to list
$5.53,$8.50 / 1KG,ITEM PRICE BASED ON MAX WEIGHT,Woolworths RSPCA Approved Chicken Wings 400g - 650g,Add to cart,Save to list
$16.25,$13.00 / 1KG,ITEM PRICE BASED ON MAX WEIGHT,WW Cook Butrfld ChknBnles W Spc Mngo Glz,4.8,/,348,Add to cart,Save to list
SAVE $2.00,$20.00,$22.00 - $40.00 / 1KG,Woolworths Jumbo Cooked Prawn 500g,4.0,/,661,Add to cart,Save to list
$33.00,$33.00 / 1KG,Crystal Bay Australian Tiger Prawns 1kg,Add to cart,Save to list
$12.00,$40.00 / 1KG,Just Caught Cooked Prawns Tail On 300g,Add to cart,Save to list
SAVE $1.25,$11.88,$13.13 - $9.50 / 1KG,ITEM PRICE BASED ON MAX WEIGHT,Macro Free Range Chicken Portuguese Portions 1kg - 1.25kg,4.4,/,407,Add to cart,Save to list
IN-STORE ONLY,Market Value Beef Eye Fillet Portion 400g - 1kg,4.8,/,6,View similar,products,             to Market Value Beef Eye Fillet Portion 400g - 1kg,Save to list
$16.00,$33.68 / 1KG,Tassal Cooked Aussie Tiger Prawns 475g,Add to cart,Save to list
$14.00,$51.85 / 1KG,Woolworths COOK Tasmanian Salmon Fillets With Lemon Butter 270g,4.5,/,318,Add to cart,Save to list
$12.00,$120.00 / 1KG,Barossa Fine Foods Wild Smoked Salmon 100g,Add to cart,Save to list
$9.50,$95.00 / 1KG,Clearly Premium Smoked Salmon 100g,Add to cart,Save to list
$10.00,$16.67 / 1KG,Woolworths Hot & Spicy Chicken Wing Nibbles 600g,4.3,/,372,Add to cart,Save to list
$14.00,$14.00 / 1KG,Just Caught Cooked & Shelled Mussel Meat 1kg,Add to cart,Save to list
$32.00,$40.00 / 1KG,Petuna Atlantic Salmon Fillets 800g,5.0,/,1,Add to cart,Save to list
$34.00,$34.00 / 1KG,Woolworths Cooked & Peeled Cocktail Prawns Tail On Per Kg,4.6,/,197,Add to cart,Save to list
$23.00,$46.00 / 1KG,Just Caught Jumbo Cutlets Raw 500g,Add to cart,Save to list
IN-STORE ONLY,Woolworths Beef Rump Roast 250g - 1.1kg,View similar,products,             to Woolworths Beef Rump Roast 250g - 1.1kg,Save to list
$24.50,$24.50 / 1KG,ITEM PRICE BASED ON MAX WEIGHT,Bertocchi Authentic Leg Ham Boneless 500g - 1kg,Add to cart,Save to list
$10.00,$33.33 / 1KG,Woolworths 2 100 Day Grain Fed Thick & Juicy Beef Burgers 300g,4.0,/,105,Add to cart,Save to list
$11.00,$18.33 / 1KG,Woolworths 4 Jerk Spiced Chicken Kebabs 600g,4.1,/,82,Add to cart,Save to list
$12.38,$27.50 / 1KG,ITEM PRICE BASED ON MAX WEIGHT,Woolworths Smoked Chicken Breast Fillet 300g - 450g,Add to cart,Save to list
$16.00,$16.00 / 1KG,Chicken Roll Sliced PER KG,Add to cart,Save to list
SAVE $3.50,$25.00,$28.50 - $25.00 / 1KG,Just Caught Cooked Prawns Tail Off Large 1kg,Add to cart,Save to list
$8.50,$25.37 / 1KG,ASP Scottish Fish Kippers 335g,Add to cart,Save to list
SAVE $2.00,$5.00,$7.00 - $22.73 / 1KG,JC Seafood Crumbed Prawn Cutlets 220g,Add to cart,Save to list
SAVE $3.00,$17.00,$20.00 - $17.00 / 1KG,Thawed Marinara Mix Bag And Bake Teriyaki Ginger Per Kg,4.0,/,1,Add to cart,Save to list
SAVE $8.00,$29.00,$37.00 - $29.00 / 1KG,D'Orsogna Premium Australian Ham Off The Bone Per Kg,Add to cart,Save to list
$14.00,$14.00 / 1KG,Ocean Chef Wild Caught Squid Tubes Raw & Trimmed 1kg,Add to cart,Save to list
SAVE $4.00,$16.00,$20.00 - $64.00 / 1KG,Clearly Premium Smoked Salmon 250g,Add to cart,Save to list
$22.00,$44.00 / 1KG,Just Caught Cooked Prawns Tails On Large 500g,Add to cart,Save to list
$9.50,$63.33 / 1KG,Ocean Blue Hot Smoked Salmon Pepper Portion 150g,Add to cart,Save to list
$7.50,$20.00 / 1KG,Talley's Chilled Mussels Chilli 375g,Add to cart,Save to list
EVERYDAY LOW PRICE,$13.30,$14.00 / 1KG,ITEM PRICE BASED ON MAX WEIGHT,Three Aussie Farmers Case Bacon Hock 650g - 950g,Add to cart,Save to list
SAVE $4.00,$22.50,$26.50 - $52.94 / 1KG,Ocean Chef USA Sea Scallops 425G,Add to cart,Save to list
$19.00,$22.35 / 1KG,D'Orsogna Honey Leg Ham 850g,5.0,/,1,Add to cart,Save to list
$16.80,$10.50 / 1KG,ITEM PRICE BASED ON MAX WEIGHT,Macro Free Range Chicken Drumsticks With BBQ Soy Glaze 1.2kg - 1.6kg,4.2,/,268,Add to cart,Save to list
$8.00,$29.63 / 1KG,JC Seafood Salt & Pepper Squid 270g,Add to cart,Save to list
$4.90,$7.00 / 1KG,ITEM PRICE BASED ON MAX WEIGHT,Lamb Offal Hearts 400g - 700g,Add to cart,Save to list
SAVE $3.00,$13.50,$16.50 - $13.50 / 1KG,Bertocchi Mortadella Green Olives Sliced From The Deli per KG,Add to cart,Save to list
SAVE $4.00,$20.00,$24.00 - $50.00 / 1KG,Ocean Chef Australian Raw Peeld Prawns 400g,Add to cart,Save to list
$24.00,$48.00 / 1KG,"Birds Eye Ocean Selections Raw Prawns Frozen, Garlic And Herb Dusted 500g",Add to cart,Save to list
SAVE $2.00,$27.00,$29.00 - $27.00 / 1KG,Woolworths Turkey Oven Roasted Sliced PER KG,Add to cart,Save to list
IN-STORE ONLY,Woolworths Cook Porchetta Roast With Garlic & Herb Seasoning 1.2kg - 1.7kg,4.1,/,471,Add to cart,Save to list
$39.00,$39.00 / 1KG,Woolworths Rare Roast Beef Sliced Per Kg,Add to cart,Save to list
$35.00,$35.00 / 1KG,Bertocchi Premium Boneless Leg Ham Shaved PER KG,Add to cart,Save to list
$12.50,$32.89 / 1KG,Thomas Cappo Seafoods Pickled Octopus Natural 380g,Add to cart,Save to list
LOWER AUTUMN PRICE,$21.00,$21.00 / 1KG,RANGE WAS $23.50KG - 25/02/2025,Champagne Sliced Leg Ham From The Deli Per Kg,Add to cart,Save to list
$20.00,$80.00 / 1KG,Clearly Premium Smoked Ocean Trout 250g,Add to cart,Save to list
$18.75,$7.50 / 1KG,ITEM PRICE BASED ON MAX WEIGHT,Woolworths Tomato & Basil Seasoned Whole Chicken 1.8kg - 2.5kg,4.5,/,583,Add to cart,Save to list
SAVE $2.40,$9.00,$11.40 - $90.00 / 1KG,Regal New Zealand Beech Wood Smoked Salmon Slices 100g,Add to cart,Save to list
OUT OF STOCK,Woolworths Nile Perch Thawed Fillets Per Kg,Add to cart,Save to list
$20.00,$40.00 / 1KG,Just Caught Lemon & Pepper Marinated Prawns 500g,Add to cart,Save to list
$12.00,$43.64 / 1KG,Macro Grass Fed Beef Sizzle Steaks 275g,4.4,/,404,Add to cart,Save to list
OUT OF STOCK,Seaport Australian Wild Caught Prawns Frozen Raw 1kg,Add to cart,Save to list
$13.00,$46.43 / 1KG,Tassal Salmon Tenders 280g,Add to cart,Save to list
$9.00,$18.00 / 1KG,Woolworths 4 BBQ Pork Burgers 500g,4.1,/,237,Add to cart,Save to list
SAVE $3.00,$13.50,$16.50 - $13.50 / 1KG,Woolworths Pork Mortadella Plain PER KG,Add to cart,Save to list
$21.00,$21.00 / 1KG,Ingham's Chicken Breast Supreme Shaved PER KG,Add to cart,Save to list
SAVE $1.80,$8.00,$9.80 - $26.67 / 1KG,Norfolk Bay Marinated Prawns Natural 300g,Add to cart,Save to list
$32.90,$32.90 / 1KG,Select Beef Pastrami Smoked & Shaved 1KG,Add to cart,Save to list
$24.40,$28.71 / 1KG,Three Aussie Farmers Glaze & Bake Ham 850g,Add to cart,Save to list
OUT OF STOCK,Don Cocktail Frankfurts From The Deli Per Kg,Add to cart,Save to list
$28.50,$28.50 / 1KG,Roast Pork Sliced Per kg,Add to cart,Save to list
EST. RESTOCK 08/04/25,Sunpork TAF Half Leg Ham 3.2kg - 5.2kg,View similar,products,             to Sunpork TAF Half Leg Ham 3.2kg - 5.2kg,Save to list
$19.00,$9.50 / 1KG,ITEM PRICE BASED ON MAX WEIGHT,Ingham's Chicken Portion Pieces Gourmet Roasting 1.5kg - 2kg,Add to cart,Save to list
$32.90,$32.90 / 1KG,Woolworths Smoked Beef Pastrami Per Kg,Add to cart,Save to list
OUT OF STOCK,Cooke Seafood Smoked Salmon 100g,View similar,products,             to Cooke Seafood Smoked Salmon 100g,Save to list
$20.00,$66.67 / 1KG,Il Pescatore Premium Smoked Steelhead 300g,Add to cart,Save to list
$22.00,$22.00 / 1KG,Primo Berliner Fleischwurst 1kg,Add to cart,Save to list
$27.00,$27.00 / 1KG,Woolworths Corned Beef Shaved Per Kg,Add to cart,Save to list
OUT OF STOCK,Woolworths Fillets Thawed Freshwater Basa 5kg,Add to cart,Save to list
OUT OF STOCK,Woolworths Prosciutto Wrapped Turkey Breast 800g,Add to cart,Save to list
OUT OF STOCK,Woolworths Seafood Marinara Mix 300g,Add to cart,Save to list
OUT OF STOCK,Be Family Smokey Bbq Mini Beef Burrito 500g,Add to cart,Save to list
OUT OF STOCK,Bertocchi Bacon Short Rindless 500g,Add to cart,Save to list
OUT OF STOCK,Bertocchi Easy Cut Leg Ham Half 3.2kg - 3.8kg,Add to cart,Save to list
OUT OF STOCK,Bertocchi Premium Leg Ham Pure Gold 2.2kg - 2.8kg,Add to cart,Save to list
OUT OF STOCK,Woolworths Extra Large Cooked Australian Tiger Prawns Thawed Per Kg,View similar,products,             to Woolworths Extra Large Cooked Australian Tiger Prawns Thawed Per Kg,Save to list
OUT OF STOCK,Woolworths Frozen Large Green Banana Prawns 5kg,Add to cart,Save to list
OUT OF STOCK,Woolworths Jumbo Cooked Tiger Prawns 3kg,Add to cart,Save to list
OUT OF STOCK,Woolworths Thawed Extra Large Cooked Tiger Prawns 3kg,Add to cart,Save to list
OUT OF STOCK,Woolworths Thawed Imported Lake Victoria Perch Nile Fillets 6kg,Add to cart,Save to list
OUT OF STOCK,Woolworths Thawed Seafood Marinara Mix Salad 5kg,Add to cart,Save to list
OUT OF STOCK,Woolworths Tiger Prawn Thawed Medium Cooked Prepacked Per Kg,View similar,products,             to Woolworths Tiger Prawn Thawed Medium Cooked Prepacked Per Kg,Save to list
SAVE $0.60,$4.70,$5.30 - $0.62 / 100G,Abbott's Bakery Sourdough White Bread Sandwich Slice Loaf 760g,Promoted,Add to cart,Save to list
SAVE $2.10,$4.50,$6.60 - $1.02 / 100G,Tip Top Pizza Bases Wholemeal 12 Inch Bakery 2 pack,Promoted,Add to cart,Save to list
SAVE $0.60,$4.70,$5.30 - $0.62 / 100G,Abbott's Bakery Sourdough Rye Bread Sandwich Slice Loaf 760g,Promoted,Add to cart,Save to list
$6.50,$2.17 / 100G,Old Time Bakery Pizza Bases Gluten Free 2 Pack,Promoted,Add to cart,Save to list
EVERYDAY LOW PRICE,$4.50,$0.64 / 100G,Wonder White Bread Vitamins & Minerals Sandwich 700g,1.0,/,1,Add to cart,Save to list
EVERYDAY LOW PRICE,$4.50,$0.64 / 100G,Tip Top The One White Sandwich Slice Bread Loaf Bakery 700g,4.4,/,44,Add to cart,Save to list
EVERYDAY LOW PRICE,$2.40,$0.67 / 100G,Woolworths White Wrap 8 Pack,4.8,/,2925,Add to cart,Save to list
EVERYDAY LOW PRICE,$4.50,$0.64 / 100G,Wonder White Wholemeal With Iron Sandwich Slice 700g,Add to cart,Save to list
$2.70,$0.68 / 100G,Woolworths Stonebaked Turkish Rolls 4 Pack,4.8,/,1058,Add to cart,Save to list
$5.50,$0.97 / 100G,Mission Wraps Original 8 Pack,5.0,/,1,Add to cart,Save to list
EVERYDAY LOW PRICE,$3.00,$0.50 / 1EA,Woolworths English Muffins 6 Pack,4.8,/,2112,Add to cart,Save to list
EVERYDAY LOW PRICE,$4.50,$0.64 / 100G,Tip Top The One White Toast Slice Bread Loaf Bakery 700g,4.5,/,46,Add to cart,Save to list
EVERYDAY LOW PRICE,$2.75,$0.46 / 1EA,Mighty Soft Bread Rolls Hamburger Buns 6 Pack,Add to cart,Save to list
EVERYDAY LOW PRICE,$3.00,$0.44 / 100G,Woolworths Soft White Loaf 680g,4.2,/,600,Afternoon delivery & pick up,Add to cart,Save to list
$2.95,$0.74 / 1EA,Woolworths All Butter Croissants 4 Pack,4.6,/,242,Add to cart,Save to list
EVERYDAY LOW PRICE,$2.40,$0.67 / 100G,Woolworths Wholegrain Wrap 8pk 360g,4.6,/,1179,Add to cart,Save to list
$6.20,$1.03 / 1EA,Tip Top English Muffins Original Bakery 6 pack,4.7,/,54,Add to cart,Save to list
$3.60,$0.45 / 100G,Woolworths Soft White Loaf 800g,4.4,/,556,Afternoon delivery & pick up,Add to cart,Save to list
EVERYDAY LOW PRICE,$2.75,$0.46 / 1EA,Mighty Soft Bread Rolls Hot Dog 6 Pack,Add to cart,Save to list
EVERYDAY LOW PRICE,$2.80,$0.40 / 100G,Woolworths White Soft Sandwich Bread 700g,4.1,/,546,Add to cart,Save to list
EVERYDAY LOW PRICE,$3.00,$0.50 / 1EA,Woolworths Soft Hamburger Rolls 6 pack,4.6,/,506,Afternoon delivery & pick up,Add to cart,Save to list
EVERYDAY LOW PRICE,$4.50,$0.64 / 100G,Wonder White Bread Vitamins & Minerals Toast 700g,1.3,/,3,Add to cart,Save to list
SAVE $2.30,$2.30,$4.60 - $0.38 / 1EA,Golden Crumpets Round 6 Pack,4.8,/,233,Add to cart,Save to list
$5.50,$1.06 / 100G,Tip Top Raisin Toast Fruit Bread Loaf Bakery 520g,4.7,/,54,Add to cart,Save to list
EVERYDAY LOW PRICE,$3.60,$0.51 / 100G,Woolworths White Soft Hi-Fibre Bread 700g,4.4,/,1243,Add to cart,Save to list
EVERYDAY LOW PRICE,$2.50,$0.36 / 100G,Woolworths White Sandwich Bread Loaf 700g,Add to cart,Save to list
EVERYDAY LOW PRICE,$5.00,$0.67 / 100G,Helga's Bread Traditional Wholemeal 750g,Add to cart,Save to list
LOWER AUTUMN PRICE,$5.75,$1.15 / 100G,RANGE WAS $6.50 - 25/02/2025,Woolworths Banana Bread Slices 5 Pack,4.7,/,724,Add to cart,Save to list
SAVE $0.60,$4.70,$5.30 - $0.62 / 100G,Abbott's Bakery Sourdough White Bread Sandwich Slice Loaf 760g,5.0,/,3, Promoted,Add to cart,Save to list
SAVE $2.10,$4.50,$6.60 - $1.02 / 100G,Tip Top Pizza Bases Wholemeal 12 Inch Bakery 2 pack,5.0,/,7, Promoted,Add to cart,Save to list
SAVE $0.60,$4.70,$5.30 - $0.62 / 100G,Abbott's Bakery Sourdough Rye Bread Sandwich Slice Loaf 760g,4.5,/,11, Promoted,Add to cart,Save to list
$6.50,$2.17 / 100G,Old Time Bakery Pizza Bases Gluten Free 2 Pack,Promoted,Add to cart,Save to list
EVERYDAY LOW PRICE,$4.50,$0.64 / 100G,Wonder White Bread Vitamins & Minerals Sandwich 700g,1.0,/,1,Add to cart,Save to list
EVERYDAY LOW PRICE,$4.50,$0.64 / 100G,Tip Top The One White Sandwich Slice Bread Loaf Bakery 700g,4.4,/,44,Add to cart,Save to list
SAVE $0.60,$4.70,$5.30 - $0.62 / 100G,Abbott's Bakery Sourdough White Bread Sandwich Slice Loaf 760g,Promoted,Add to cart,Save to list
SAVE $2.10,$4.50,$6.60 - $1.02 / 100G,Tip Top Pizza Bases Wholemeal 12 Inch Bakery 2 pack,5.0,/,7, Promoted,Add to cart,Save to list
EVERYDAY LOW PRICE,$4.50,$0.64 / 100G,Tip Top 9 Grain Classic Sandwich Slice Bread Loaf Bakery 700g,5.0,/,2,Add to cart,Save to list
EVERYDAY LOW PRICE,$2.80,$0.40 / 100G,Woolworths Wholemeal Soft Sandwich Bread 700g,4.4,/,559,Add to cart,Save to list
EVERYDAY LOW PRICE,$2.10,$0.35 / 1EA,Woolworths Crumpets 6 Pack,4.2,/,36,Add to cart,Save to list
EVERYDAY LOW PRICE,$4.90,$1.53 / 100G,Woolworths Mini Blueberry Muffins 8 Pack,4.6,/,923,Add to cart,Save to list
SAVE $1.70,$5.50,$7.20 - $0.85 / 100G,Tip Top Café Raisin Toast Fruit Bread Thick Bakery 650g,4.7,/,36,Add to cart,Save to list
EVERYDAY LOW PRICE,$3.00,$0.50 / 1EA,Woolworths Soft Hotdog Rolls 6 pack,4.6,/,545,Afternoon delivery & pick up,Add to cart,Save to list
EVERYDAY LOW PRICE,$5.00,$0.74 / 100G,Abbott's Bakery Light Rye Bread Sandwich Slice Loaf 680g,4.4,/,18,Add to cart,Save to list
EVERYDAY LOW PRICE,$3.00,$1.50 / 100G,Woolworths Thin Crust Pizza Base 2 Pack,4.5,/,547,Add to cart,Save to list
EVERYDAY LOW PRICE,$5.00,$0.67 / 100G,Helga's Soft White Loaf 750G,Add to cart,Save to list
SAVE $0.60,$4.70,$5.30 - $0.62 / 100G,Abbott's Bakery Sourdough White Bread Sandwich Slice Loaf 760g,5.0,/,3, Promoted,Add to cart,Save to list
SAVE $2.10,$4.50,$6.60 - $1.02 / 100G,Tip Top Pizza Bases Wholemeal 12 Inch Bakery 2 pack,5.0,/,7, Promoted,Add to cart,Save to list
SAVE $0.60,$4.70,$5.30 - $0.62 / 100G,Abbott's Bakery Sourdough White Bread Sandwich Slice Loaf 760g,Promoted,Add to cart,Save to list
SAVE $2.10,$4.50,$6.60 - $1.02 / 100G,Tip Top Pizza Bases Wholemeal 12 Inch Bakery 2 pack,Promoted,Add to cart,Save to list
SAVE $0.60,$4.70,$5.30 - $0.62 / 100G,Abbott's Bakery Sourdough Rye Bread Sandwich Slice Loaf 760g,4.5,/,11, Promoted,Add to cart,Save to list
$6.50,$1.08 / 1EA,Woolworths Cheese and Bacon Rolls 6 pack,4.2,/,138,Afternoon delivery & pick up,Add to cart,Save to list
EVERYDAY LOW PRICE,$3.35,$0.56 / 1EA,Woolworths Jumbo Soft Round Rolls 6 pack,4.7,/,34,Afternoon delivery & pick up,Add to cart,Save to list
SAVE $1.00,$4.50,$5.50 - $1.17 / 100G,Mission Wraps Mini Original 8 Pack,Add to cart,Save to list
$6.50,$1.63 / 1EA,Brioche Gourmet Brioche Burger Buns With Sesame Seeds 4 Pack,Add to cart,Save to list
EVERYDAY LOW PRICE,$5.00,$0.67 / 100G,Abbott's Bakery Farmhouse Wholemeal Bread Sandwich Slice Loaf 750g,4.5,/,16,Add to cart,Save to list
SAVE $1.50,$4.00,$5.50 - $0.79 / 100G,Helga's Traditional Wholemeal Wraps 8 Pack,Add to cart,Save to list
SAVE $0.50,$6.50,$7.00 - $0.27 / 1EA,Woolworths Cookies Choc Chip 24 Pack,4.7,/,428,Add to cart,Save to list
$2.70,$0.68 / 100G,Woolworths Stonebaked Turkish Pide Loaf 400g,4.6,/,2186,Add to cart,Save to list
SAVE $0.60,$4.70,$5.30 - $0.62 / 100G,Abbott's Bakery Sourdough White Bread Sandwich Slice Loaf 760g,5.0,/,3, Promoted,Add to cart,Save to list
SAVE $2.10,$4.50,$6.60 - $1.02 / 100G,Tip Top Pizza Bases Wholemeal 12 Inch Bakery 2 pack,5.0,/,7, Promoted,Add to cart,Save to list
SAVE $0.60,$4.70,$5.30 - $0.62 / 100G,Abbott's Bakery Sourdough Rye Bread Sandwich Slice Loaf 760g,4.5,/,11, Promoted,Add to cart,Save to list
$6.50,$2.17 / 100G,Old Time Bakery Pizza Bases Gluten Free 2 Pack,Promoted,Add to cart,Save to list
LOWER AUTUMN PRICE,$4.50,$2.05 / 100G,RANGE WAS $5.80 - 25/02/2025,Tip Top Gourmet Burger Buns BBQ Bread Rolls Bakery 4 pack,5.0,/,1,Add to cart,Save to list
$3.80,$0.76 / 1EA,Woolworths Dreamy Choc Chip Cookies 5 pack,4.7,/,673,Add to cart,Save to list
EST. RESTOCK 09/04/25,Simson's Pantry High Protein Low Carb Wraps 5 Pack,Add to cart,Save to list
$4.50,$1.41 / 100G,Mission Souvlaki Bread 320g,5.0,/,1,Add to cart,Save to list
SAVE $0.60,$4.70,$5.30 - $0.62 / 100G,Abbott's Bakery Sourdough White Bread Sandwich Slice Loaf 760g,Promoted,Add to cart,Save to list
SAVE $2.10,$4.50,$6.60 - $1.02 / 100G,Tip Top Pizza Bases Wholemeal 12 Inch Bakery 2 pack,Promoted,Add to cart,Save to list
SAVE $0.60,$4.70,$5.30 - $0.62 / 100G,Abbott's Bakery Sourdough Rye Bread Sandwich Slice Loaf 760g,4.5,/,11, Promoted,Add to cart,Save to list
$6.50,$2.17 / 100G,Old Time Bakery Pizza Bases Gluten Free 2 Pack,Promoted,Add to cart,Save to list
SAVE $2.30,$2.30,$4.60 - $0.38 / 1EA,Golden Crumpets Round Wholemeal 6 Pack,4.6,/,74,Add to cart,Save to list
$3.60,$0.45 / 100G,Woolworths Multigrain Loaf 800g,4.4,/,680,Afternoon delivery & pick up,Add to cart,Save to list
$4.70,$0.78 / 1EA,Tip Top Hamburger White Bread Rolls BBQ Buns Bakery 6 pack,4.8,/,18,Add to cart,Save to list
SAVE $0.50,$6.50,$7.00 - $0.27 / 1EA,Woolworths Anzac Biscuit Family 24 Pack,4.6,/,472,Add to cart,Save to list
EVERYDAY LOW PRICE,$5.00,$0.69 / 100G,Helga's Pumpkin Seed & Grain 720g,Add to cart,Save to list
EVERYDAY LOW PRICE,$4.90,$1.17 / 100G,Woolworths Blueberry Muffins 4 Pack,4.7,/,806,Add to cart,Save to list
SAVE $0.60,$4.70,$5.30 - $0.62 / 100G,Abbott's Bakery Sourdough White Bread Sandwich Slice Loaf 760g,5.0,/,3, Promoted,Add to cart,Save to list
SAVE $2.10,$4.50,$6.60 - $1.02 / 100G,Tip Top Pizza Bases Wholemeal 12 Inch Bakery 2 pack,5.0,/,7, Promoted,Add to cart,Save to list
SAVE $0.60,$4.70,$5.30 - $0.62 / 100G,Abbott's Bakery Sourdough Rye Bread Sandwich Slice Loaf 760g,4.5,/,11, Promoted,Add to cart,Save to list
$6.50,$2.17 / 100G,Old Time Bakery Pizza Bases Gluten Free 2 Pack,Promoted,Add to cart,Save to list
$4.90,$0.72 / 100G,Wonder 5 Star Soft White High Fibre Bread Loaf 680g,Add to cart,Save to list
$5.50,$1.53 / 100G,Abe's Bagels Natural Bagels 360g x 4 pack,Add to cart,Save to list
SAVE $0.60,$4.70,$5.30 - $0.62 / 100G,Abbott's Bakery Sourdough White Bread Sandwich Slice Loaf 760g,5.0,/,3, Promoted,Add to cart,Save to list
SAVE $2.10,$4.50,$6.60 - $1.02 / 100G,Tip Top Pizza Bases Wholemeal 12 Inch Bakery 2 pack,5.0,/,7, Promoted,Add to cart,Save to list
SAVE $2.10,$4.50,$6.60 - $1.02 / 100G,Tip Top Pizza Bases White 12 Inch Bakery 2 pack,4.8,/,9,Add to cart,Save to list
SAVE $0.60,$4.00,$4.60 - $0.50 / 1EA,Woolworths Mini Croissant 8 Pack,4.4,/,650,Afternoon delivery & pick up,Add to cart,Save to list
$3.60,$0.45 / 100G,Woolworths Wholemeal Loaf 800g,4.3,/,522,Afternoon delivery & pick up,Add to cart,Save to list
SAVE $1.50,$4.00,$5.50 - $0.79 / 100G,Helga's Wraps Mixed Grain 8 Pack,5.0,/,1,Add to cart,Save to list
EVERYDAY LOW PRICE,$5.50,$1.72 / 100G,Woolworths Free From Gluten White Burger Buns 4 Pack,3.9,/,506,Add to cart,Save to list
$7.50,$2.08 / 100G,Toscano Waffles 4 Pack,1.0,/,1,Add to cart,Save to list
EVERYDAY LOW PRICE,$5.00,$0.71 / 100G,Abbott's Bakery Dark Rye Bread Sandwich Slice Loaf 700g,4.5,/,13,Add to cart,Save to list
LOWER AUTUMN PRICE,$4.50,$1.54 / 100G,RANGE WAS $5.80 - 25/02/2025,Tip Top Potato Burger Buns BBQ Bread Rolls Bakery 4 pack,Add to cart,Save to list
SAVE $0.60,$4.70,$5.30 - $0.62 / 100G,Abbott's Bakery Sourdough White Bread Sandwich Slice Loaf 760g,5.0,/,3, Promoted,Add to cart,Save to list
SAVE $2.10,$4.50,$6.60 - $1.02 / 100G,Tip Top Pizza Bases Wholemeal 12 Inch Bakery 2 pack,5.0,/,7, Promoted,Add to cart,Save to list
SAVE $0.60,$4.70,$5.30 - $0.62 / 100G,Abbott's Bakery Sourdough Rye Bread Sandwich Slice Loaf 760g,4.5,/,11, Promoted,Add to cart,Save to list
$6.50,$2.17 / 100G,Old Time Bakery Pizza Bases Gluten Free 2 Pack,Promoted,Add to cart,Save to list
SAVE $0.60,$4.70,$5.30 - $0.62 / 100G,Abbott's Bakery Sourdough White Bread Sandwich Slice Loaf 760g,Promoted,Add to cart,Save to list
SAVE $2.10,$4.50,$6.60 - $1.02 / 100G,Tip Top Pizza Bases Wholemeal 12 Inch Bakery 2 pack,Promoted,Add to cart,Save to list
SAVE $0.60,$4.70,$5.30 - $0.62 / 100G,Abbott's Bakery Sourdough Rye Bread Sandwich Slice Loaf 760g,4.5,/,11, Promoted,Add to cart,Save to list
$6.50,$2.17 / 100G,Old Time Bakery Pizza Bases Gluten Free 2 Pack,Promoted,Add to cart,Save to list
SAVE $0.50,$4.00,$4.50 - $1.67 / 100G,Simson's Pantry Mini Pizza Bases Plain 6 Pack,Add to cart,Save to list
$4.80,$1.20 / 1EA,Woolworths Cheese and Bacon Rolls 4 pack,4.0,/,548,Afternoon delivery & pick up,Add to cart,Save to list
EVERYDAY LOW PRICE,$3.00,$0.50 / 1EA,Woolworths Soft Damper Rolls 6 pack,4.5,/,717,Afternoon delivery & pick up,Add to cart,Save to list
$6.00,$1.20 / 1EA,Cadbury Mini Rolls Chocolate 5 Pack,Add to cart,Save to list
LOWER AUTUMN PRICE,$5.60,$1.40 / 100G,RANGE WAS $6.25 - 27/03/2025,Woolworths Chocolate Chip Muffin Bar 10 Pack,4.1,/,411,Add to cart,Save to list
$6.60,$1.10 / 100G,Woolworths Mudcake White 600G,4.1,/,92,Add to cart,Save to list
EVERYDAY LOW PRICE,$4.90,$1.17 / 100G,Woolworths Double Choc Chip Muffin 4 Pack,4.7,/,737,Add to cart,Save to list
SAVE $0.60,$4.70,$5.30 - $0.62 / 100G,Abbott's Bakery Sourdough White Bread Sandwich Slice Loaf 760g,5.0,/,3, Promoted,Add to cart,Save to list
SAVE $2.10,$4.50,$6.60 - $1.02 / 100G,Tip Top Pizza Bases Wholemeal 12 Inch Bakery 2 pack,5.0,/,7, Promoted,Add to cart,Save to list
SAVE $0.60,$4.70,$5.30 - $0.62 / 100G,Abbott's Bakery Sourdough Rye Bread Sandwich Slice Loaf 760g,4.5,/,11, Promoted,Add to cart,Save to list
$6.50,$2.17 / 100G,Old Time Bakery Pizza Bases Gluten Free 2 Pack,Promoted,Add to cart,Save to list
$7.90,$1.58 / 100G,Abbott's Bakery Gluten Free Mixed Seeds Sandwich Slice Bread Loaf 500g,4.8,/,4,Add to cart,Save to list
SAVE $0.60,$4.70,$5.30 - $0.62 / 100G,Abbott's Bakery Sourdough White Bread Sandwich Slice Loaf 760g,Promoted,Add to cart,Save to list
$5.50,$2.75 / 100G,Toscano Mini Waffle 200g,Add to cart,Save to list
SAVE $0.60,$4.00,$4.60 - $0.50 / 1EA,Woolworths Mini Chocolate Croissant 8 Pack,3.7,/,566,Afternoon delivery & pick up,Add to cart,Save to list
$3.75,$0.94 / 1EA,Woolworths Diamond Ciabatta Rolls 4 pack,4.5,/,219,Afternoon delivery & pick up,Add to cart,Save to list
EVERYDAY LOW PRICE,$3.45,$1.10 / 100G,Woolworths Lemon Madeira Cake 315g,4.5,/,2689,Add to cart,Save to list
SAVE $1.10,$3.30,$4.40 - $0.79 / 100G,Mission Pita Bread Pockets Wholemeal 420g,Add to cart,Save to list
$6.50,$1.08 / 1EA,Brioche Gourmet Hot Dog Rolls 6 Pack,5.0,/,1,Add to cart,Save to list
$5.00,$1.49 / 100G,Simson's Pantry Mini White Wraps Super Soft 12 pack,Add to cart,Save to list
$12.95,$6.48 / 1EA,Fropro High Protein Cheesecake Caramalised Biscuit 2 Pack 250g,Add to cart,Save to list
EST. RESTOCK 06/04/25,Abbott's Bakery Gluten Free Farmhouse Wholemeal Bread Slice Loaf 500g,4.4,/,5,View similar,products,             to Abbott's Bakery Gluten Free Farmhouse Wholemeal Bread Slice Loaf 500g,Save to list
$3.90,$1.95 / 100G,Tip Top Burger Thins Bread Bakery 6 pack,4.8,/,5,Add to cart,Save to list
SAVE $0.60,$4.70,$5.30 - $0.62 / 100G,Abbott's Bakery Sourdough White Bread Sandwich Slice Loaf 760g,5.0,/,3, Promoted,Add to cart,Save to list
SAVE $2.10,$4.50,$6.60 - $1.02 / 100G,Tip Top Pizza Bases Wholemeal 12 Inch Bakery 2 pack,5.0,/,7, Promoted,Add to cart,Save to list
SAVE $0.60,$4.70,$5.30 - $0.62 / 100G,Abbott's Bakery Sourdough Rye Bread Sandwich Slice Loaf 760g,4.5,/,11, Promoted,Add to cart,Save to list
$6.50,$2.17 / 100G,Old Time Bakery Pizza Bases Gluten Free 2 Pack,Promoted,Add to cart,Save to list
EVERYDAY LOW PRICE,$3.45,$0.77 / 100G,Woolworths Madeira Cake 450g,4.6,/,2887,Add to cart,Save to list
SAVE $0.50,$6.50,$7.00 - $3.61 / 100G,Toscano Gluten Free Pizza Base 180g,Add to cart,Save to list
$7.00,$1.49 / 100G,Wonder Soft White Gluten Free 470g,Add to cart,Save to list
EST. RESTOCK 08/04/25,Woolworths Rustic Rye Sourdough Loaf 500g,View similar,products,             to Woolworths Rustic Rye Sourdough Loaf 500g,Save to list
$5.50,$1.38 / 1EA,Woolworths Easter Free From Gluten Fruit Hot Cross Buns 4 pack,Add to cart,Save to list
$7.80,$1.56 / 100G,Helga's Gluten Free Mixed Grains 500g,Add to cart,Save to list
SAVE $0.50,$4.00,$4.50 - $1.00 / 1EA,Woolworths Easter Apple & Cinnamon Hot Cross Buns 4 pack,Add to cart,Save to list
EVERYDAY LOW PRICE,$4.00,$0.53 / 100G,Woolworths Country Loaf White 750g,Add to cart,Save to list
$6.50,$0.93 / 100G,Helga's Crafted White Sourdough Bread Loaf 700g,Add to cart,Save to list
SAVE $0.60,$4.70,$5.30 - $0.62 / 100G,Abbott's Bakery Sourdough White Bread Sandwich Slice Loaf 760g,5.0,/,3, Promoted,Add to cart,Save to list
SAVE $2.10,$4.50,$6.60 - $1.02 / 100G,Tip Top Pizza Bases Wholemeal 12 Inch Bakery 2 pack,5.0,/,7, Promoted,Add to cart,Save to list
SAVE $0.60,$4.70,$5.30 - $0.62 / 100G,Abbott's Bakery Sourdough Rye Bread Sandwich Slice Loaf 760g,4.5,/,11, Promoted,Add to cart,Save to list
$6.50,$2.17 / 100G,Old Time Bakery Pizza Bases Gluten Free 2 Pack,Promoted,Add to cart,Save to list
$3.90,$1.63 / 100G,Tip Top Sandwich Thins Mixed Grain Bread Bakery 6 pack,Add to cart,Save to list
EST. RESTOCK 08/04/25,Woolworths Rustic Rye Sourdough Loaf 500g,3.9,/,597,View similar,products,             to Woolworths Rustic Rye Sourdough Loaf 500g,Save to list
SAVE $0.60,$4.70,$5.30 - $0.62 / 100G,Abbott's Bakery Sourdough White Bread Sandwich Slice Loaf 760g,5.0,/,3, Promoted,Add to cart,Save to list
$3.80,$0.76 / 1EA,Woolworths White Chocolate & Macadamia Cookies 5 Pack,4.4,/,837,Afternoon delivery & pick up,Add to cart,Save to list
$8.40,$1.68 / 100G,Abbott's Bakery Gluten Free Sourdough Grains & Seeds Bread Slice Loaf 500g,4.8,/,5,Add to cart,Save to list
EVERYDAY LOW PRICE,$3.35,$0.56 / 1EA,Woolworths Jumbo Soft Hotdog Rolls 6 pack,4.7,/,15,Afternoon delivery & pick up,Add to cart,Save to list
$6.50,$2.26 / 100G,Mission Carb Balance Original Wraps 6 pack,Add to cart,Save to list
EVERYDAY LOW PRICE,$3.35,$0.56 / 1EA,Woolworths Jumbo Crusty Long Rolls 6 pack,4.3,/,185,Afternoon delivery & pick up,Add to cart,Save to list
$6.00,$0.86 / 100G,Burgen Wholemeal & Seeds Low GI Sliced Bread Loaf Bakery 700g,Add to cart,Save to list
$6.60,$1.10 / 100G,Woolworths Mudcake Caramel 600G,4.3,/,2725,Add to cart,Save to list
SAVE $1.00,$6.50,$7.50 - $1.35 / 100G,Woolworths Raspberry & White Choc Loaded Muffins 4 Pack,4.6,/,591,Add to cart,Save to list
$5.50,$0.92 / 1EA,Toscano French Croissants 240g x6 Pack,Add to cart,Save to list
$3.50,$1.09 / 100G,Wonder Sandwich White Mini Loaf 320g,Add to cart,Save to list
LOWER AUTUMN PRICE,$3.90,$1.08 / 100G,RANGE WAS $4.50 - 25/02/2025,Glicks Plain Bagel 4 Pack,Add to cart,Save to list
SAVE $0.60,$4.70,$5.30 - $0.62 / 100G,Abbott's Bakery Sourdough White Bread Sandwich Slice Loaf 760g,5.0,/,3, Promoted,Add to cart,Save to list
SAVE $2.10,$4.50,$6.60 - $1.02 / 100G,Tip Top Pizza Bases Wholemeal 12 Inch Bakery 2 pack,5.0,/,7, Promoted,Add to cart,Save to list
$4.00,$2.22 / 100G,Four'N Twenty King Size Sausage Roll Single Wrap Chilled Meal 180g,Add to cart,Save to list
NEW,$5.50,$1.38 / 1EA,Woolworths Easter Indulgent Hot Cross Buns Filled With Cinnabon 4 pack,4.3,/,96,Add to cart,Save to list
$7.30,$3.04 / 100G,Liberate Gluten Free Crumpets 4 Pack,Add to cart,Save to list
EST. RESTOCK 09/04/25,Simson's Pantry Wholemeal Wraps Carb Wraps 5 pack,Add to cart,Save to list
$4.00,$0.29 / 1EA,Woolworths Cookies Jam Drop 14 Pack,4.5,/,966,Add to cart,Save to list
$6.00,$1.00 / 1EA,Toscano Mini Hot Dog Brioche Buns 6 Pack,Add to cart,Save to list
EVERYDAY LOW PRICE,$3.20,$3.20 / 1EA,Woolworths Crusty Vienna Loaf each,4.5,/,291,Afternoon delivery & pick up,Add to cart,Save to list
$3.25,$3.25 / 1EA,Woolworths 35hr Sourdough Mini Loaf Dark Rye each,4.4,/,780,Afternoon delivery & pick up,Add to cart,Save to list
NEW,$6.20,$1.03 / 1EA,Tip Top English Muffins Pizza Flavoured 6 pack,Add to cart,Save to list
EVERYDAY LOW PRICE,$4.50,$0.64 / 100G,Wonder White Smooth Wholegrain 700g,Add to cart,Save to list
$6.65,$1.45 / 100G,Woolworths Double Unfilled Sponge 460g,4.7,/,778,Add to cart,Save to list
$3.60,$0.72 / 100G,MEB Foods Khobz Wholemeal Pita 5 Pack,Add to cart,Save to list
$4.00,$1.33 / 1EA,Woolworths White Sourdough Rolls 3 pack,4.2,/,460,Afternoon delivery & pick up,Add to cart,Save to list
EVERYDAY LOW PRICE,$4.20,$0.93 / 100G,Buttercup Country Split Wholemeal Bread 450g,Add to cart,Save to list
$7.50,$7.50 / 1EA,Woolworths Crafted Sourdough Loaf Signature White each,4.4,/,120,Afternoon delivery & pick up,Add to cart,Save to list
SAVE $0.60,$4.70,$5.30 - $0.62 / 100G,Abbott's Bakery Sourdough White Bread Sandwich Slice Loaf 760g,5.0,/,3, Promoted,Add to cart,Save to list
SAVE $2.10,$4.50,$6.60 - $1.02 / 100G,Tip Top Pizza Bases Wholemeal 12 Inch Bakery 2 pack,5.0,/,7, Promoted,Add to cart,Save to list
SAVE $0.60,$4.70,$5.30 - $0.62 / 100G,Abbott's Bakery Sourdough Rye Bread Sandwich Slice Loaf 760g,4.5,/,11, Promoted,Add to cart,Save to list
$6.50,$2.17 / 100G,Old Time Bakery Pizza Bases Gluten Free 2 Pack,Promoted,Add to cart,Save to list
SAVE $0.60,$4.70,$5.30 - $0.62 / 100G,Abbott's Bakery Sourdough Rye Bread Sandwich Slice Loaf 760g,Promoted,Add to cart,Save to list
$6.50,$2.17 / 100G,Old Time Bakery Pizza Bases Gluten Free 2 Pack,Promoted,Add to cart,Save to list
$5.50,$1.38 / 1EA,Woolworths Easter Free From Gluten Chocolate Hot Cross Buns 4 pack,Add to cart,Save to list
SAVE $1.20,$4.80,$6.00 - $1.07 / 100G,Turkish Bakeries Stone Baked Pizza Bases 2 Pack,Add to cart,Save to list
$7.00,$7.00 / 1EA,Woolworths 35hr Sourdough Loaf Wholemeal each,Afternoon delivery & pick up,Add to cart,Save to list
$3.25,$3.25 / 1EA,Woolworths 35hr Sourdough Mini Loaf Seeded each,4.7,/,402,Afternoon delivery & pick up,Add to cart,Save to list
$5.10,$2.55 / 100G,Woolworths Free From Gluten Turkish Bread Loaf 200g,3.8,/,654,Add to cart,Save to list
EST. RESTOCK 06/04/25,Cadbury Chocolate Cake Bars 5 Pack,View similar,products,             to Cadbury Chocolate Cake Bars 5 Pack,Save to list
SAVE $0.60,$4.70,$5.30 - $0.62 / 100G,Abbott's Bakery Sourdough White Bread Sandwich Slice Loaf 760g,5.0,/,3, Promoted,Add to cart,Save to list
SAVE $2.10,$4.50,$6.60 - $1.02 / 100G,Tip Top Pizza Bases Wholemeal 12 Inch Bakery 2 pack,5.0,/,7, Promoted,Add to cart,Save to list
SAVE $0.60,$4.70,$5.30 - $0.62 / 100G,Abbott's Bakery Sourdough Rye Bread Sandwich Slice Loaf 760g,4.5,/,11, Promoted,Add to cart,Save to list
$6.50,$2.17 / 100G,Old Time Bakery Pizza Bases Gluten Free 2 Pack,Promoted,Add to cart,Save to list
$5.50,$1.38 / 1EA,Woolworths Easter Free From Gluten Chocolate Hot Cross Buns 4 pack,3.6,/,332,Add to cart,Save to list
$7.00,$3.65 / 100G,Bfree Pita Pockets 6 Pack,Add to cart,Save to list
SAVE $1.00,$6.50,$7.50 - $1.48 / 100G,Woolworths Lemon Poppyseed Muffins 4 Pack,4.8,/,680,Add to cart,Save to list
SAVE $1.00,$5.00,$6.00 - $2.78 / 100G,Toscano French Crepes Chocolate Hazelnut 180g,Add to cart,Save to list
$3.75,$1.25 / 1EA,Woolworths Garlic Turkish Rolls 3 pack,4.3,/,412,Afternoon delivery & pick up,Add to cart,Save to list
EVERYDAY LOW PRICE,$5.50,$1.38 / 1EA,Woolworths Soft & Glazed Milk Buns 4 Pack,4.3,/,479,Add to cart,Save to list
$6.00,$2.73 / 100G,Woolworths New York Style Cheesecake 2 Pack,4.3,/,938,Add to cart,Save to list
$5.60,$0.75 / 100G,Helga's Protein Wholemeal Bread Loaf 750g,Add to cart,Save to list
$5.40,$0.77 / 100G,Woolworths Lightly Fruited Cake 700g,4.3,/,677,Add to cart,Save to list
$5.50,$1.38 / 1EA,Woolworths Easter Cadbury Caramilk Hot Cross Buns 4 pack,4.5,/,399,Add to cart,Save to list
$4.20,$0.35 / 1EA,Woolworths Mini Soft Hotdog Rolls 12 pack,4.5,/,360,Afternoon delivery & pick up,Add to cart,Save to list
$6.00,$1.50 / 1EA,Woolworths Strawberry Iced Donuts 4 Pack,4.4,/,644,Add to cart,Save to list
$7.00,$1.00 / 100G,Burgen Cholesterol Lowering Whole Grain & Oats Bread Bakery 700g,Add to cart,Save to list
LOWER AUTUMN PRICE,$5.75,$1.15 / 100G,RANGE WAS $6.50 - 25/02/2025,Woolworths Sliced Carrot Sultana & Walnut Loaf 500g,4.4,/,1174,Add to cart,Save to list
SAVE $0.60,$4.70,$5.30 - $0.62 / 100G,Abbott's Bakery Sourdough White Bread Sandwich Slice Loaf 760g,5.0,/,3, Promoted,Add to cart,Save to list
SAVE $2.10,$4.50,$6.60 - $1.02 / 100G,Tip Top Pizza Bases Wholemeal 12 Inch Bakery 2 pack,5.0,/,7, Promoted,Add to cart,Save to list
SAVE $0.60,$4.70,$5.30 - $0.62 / 100G,Abbott's Bakery Sourdough Rye Bread Sandwich Slice Loaf 760g,4.5,/,11, Promoted,Add to cart,Save to list
$6.50,$2.17 / 100G,Old Time Bakery Pizza Bases Gluten Free 2 Pack,Promoted,Add to cart,Save to list
$7.80,$1.66 / 100G,Helga's Gluten Free Traditional White Loaf 470g,Add to cart,Save to list
$8.40,$4.00 / 100G,Bfree 5 Avocado Wraps 210g,Add to cart,Save to list
EVERYDAY LOW PRICE,$5.00,$0.71 / 100G,Abbott's Bakery Smooth Oat Bread Sandwich Slice Loaf 700g,Add to cart,Save to list
$4.30,$0.86 / 1EA,Woolworths Plantitude Granola Cookies 5 Pack,4.3,/,526,Add to cart,Save to list
$3.80,$0.76 / 1EA,Woolworths Oatmeal & Raisin Cookies 5 Pack,4.0,/,1105,Add to cart,Save to list
SAVE $0.60,$4.70,$5.30 - $0.62 / 100G,Abbott's Bakery Sourdough White Bread Sandwich Slice Loaf 760g,5.0,/,3, Promoted,Add to cart,Save to list
SAVE $2.10,$4.50,$6.60 - $1.02 / 100G,Tip Top Pizza Bases Wholemeal 12 Inch Bakery 2 pack,5.0,/,7, Promoted,Add to cart,Save to list
SAVE $0.60,$4.70,$5.30 - $0.62 / 100G,Abbott's Bakery Sourdough Rye Bread Sandwich Slice Loaf 760g,4.5,/,11, Promoted,Add to cart,Save to list
$8.00,$4.00 / 1EA,Woolworths Baked Cheesecake With Biscoff 2 pack,4.5,/,316,Add to cart,Save to list
LOWER AUTUMN PRICE,$5.60,$1.40 / 100G,RANGE WAS $6.25 - 27/03/2025,Woolworths Raspberry & White Chocolate Muffin Bar 10 Pack,4.4,/,277,Add to cart,Save to list
EST. RESTOCK 06/04/25,Woolworths Free From Gluten Brioche Style Burger Buns 4 Pack,2.6,/,658,Add to cart,Save to list
$2.50,$0.63 / 100G,Gold Coast Bakery White Sliced Half Loaf 400g,Add to cart,Save to list
EVERYDAY LOW PRICE,$6.25,$0.89 / 100G,Woolworths Traditional Dark Fruit Cake 700g,4.2,/,296,Add to cart,Save to list
$4.00,$1.00 / 100G,Helga's Turkish Roll White 400g,Add to cart,Save to list
$3.50,$1.09 / 100G,Wonder Wholemeal Mini Loaf 320g,Add to cart,Save to list
$4.00,$4.00 / 1EA,Woolworths Ciabatta Loaf each,4.5,/,148,Afternoon delivery & pick up,Add to cart,Save to list
$5.50,$1.53 / 100G,Golden Pancakes 6 Pack,Add to cart,Save to list
EVERYDAY LOW PRICE,$14.00,$1.40 / 100G,Woolworths Party Pack Mudcake Slices 24 Pack,4.8,/,649,Add to cart,Save to list
$5.60,$0.75 / 100G,Helga's High Protein White Bread Loaf 750g,Add to cart,Save to list
$7.50,$1.88 / 1EA,Liberate English Muffin 4 Pack,Add to cart,Save to list
$5.50,$1.53 / 100G,Abe's Bagels The Supergrain Bagels 360g,Add to cart,Save to list
$6.00,$1.50 / 1EA,Woolworths Jam Filled Donuts 4 Pack,4.3,/,631,Afternoon delivery & pick up,Add to cart,Save to list
OUT OF STOCK,Choc Chip Mini Muffins 24 pack,Add to cart,Save to list
SAVE $0.60,$4.70,$5.30 - $0.62 / 100G,Abbott's Bakery Sourdough White Bread Sandwich Slice Loaf 760g,5.0,/,3, Promoted,Add to cart,Save to list
SAVE $2.10,$4.50,$6.60 - $1.02 / 100G,Tip Top Pizza Bases Wholemeal 12 Inch Bakery 2 pack,5.0,/,7, Promoted,Add to cart,Save to list
SAVE $0.60,$4.70,$5.30 - $0.62 / 100G,Abbott's Bakery Sourdough Rye Bread Sandwich Slice Loaf 760g,4.5,/,11, Promoted,Add to cart,Save to list
$6.50,$2.17 / 100G,Old Time Bakery Pizza Bases Gluten Free 2 Pack,Promoted,Add to cart,Save to list
$3.00,$0.75 / 100G,Woolworths Sesame Bagels 4 Pack,3.3,/,1317,Add to cart,Save to list
$6.50,$3.61 / 100G,Great Temptations Gluten Free Orange & Poppy Seed Muffins 4 Pack,Add to cart,Save to list
$6.00,$1.00 / 1EA,Mr Kipling Lemon Slice 6 Pack,4.5,/,70,Add to cart,Save to list
$4.15,$2.08 / 1EA,Woolworths Cheese and Bacon Rolls 2 pack,Afternoon delivery & pick up,Add to cart,Save to list
$7.50,$2.08 / 100G,Toscano Waffles Choc Chip 360g,Add to cart,Save to list
$2.80,$0.47 / 1EA,Woolworths Cinnamon Donuts 6 Pack,5.0,/,1,Afternoon delivery & pick up,Add to cart,Save to list
$3.60,$0.45 / 100G,Woolworths Wholemeal Sandwich Sliced Bread Loaf 800g,Afternoon delivery & pick up,Add to cart,Save to list
$6.50,$0.81 / 1EA,Mr Kipling French Fancies 8 Pack,Add to cart,Save to list
$6.00,$1.20 / 1EA,Cadbury Raspberry Mini Rolls Mini Rolls 5 Pack,5.0,/,1,Add to cart,Save to list
SAVE $0.40,$6.60,$7.00 - $1.10 / 100G,Woolworths Hot Cross Bun Mudcake 600g,3.9,/,90,Add to cart,Save to list
SAVE $0.50,$4.50,$5.00 - $4.50 / 1EA,Woolworths Apple Turnover With Fresh Cream Each,4.4,/,226,Afternoon delivery & pick up,Add to cart,Save to list
EVERYDAY LOW PRICE,$3.35,$0.56 / 1EA,Woolworths Jumbo Multigrain Rolls 6 pack,4.5,/,608,Afternoon delivery & pick up,Add to cart,Save to list
EVERYDAY LOW PRICE,$5.00,$5.00 / 1EA,Woolworths Seeded Pane Di Casa Loaf each,4.6,/,288,Afternoon delivery & pick up,Add to cart,Save to list
SAVE $0.40,$3.60,$4.00 - $1.00 / 100G,Helga's Traditional Wholemeal Mini Loaf 360g,Add to cart,Save to list
EVERYDAY LOW PRICE,$5.00,$2.78 / 100G,Woolworths Lemon Cheesecake 2 Pack,4.0,/,1015,Add to cart,Save to list
SAVE $0.60,$4.70,$5.30 - $0.62 / 100G,Abbott's Bakery Sourdough White Bread Sandwich Slice Loaf 760g,5.0,/,3, Promoted,Add to cart,Save to list
SAVE $2.10,$4.50,$6.60 - $1.02 / 100G,Tip Top Pizza Bases Wholemeal 12 Inch Bakery 2 pack,5.0,/,7, Promoted,Add to cart,Save to list
SAVE $0.60,$4.70,$5.30 - $0.62 / 100G,Abbott's Bakery Sourdough Rye Bread Sandwich Slice Loaf 760g,4.5,/,11, Promoted,Add to cart,Save to list
$6.50,$2.17 / 100G,Old Time Bakery Pizza Bases Gluten Free 2 Pack,Promoted,Add to cart,Save to list
$2.30,$0.77 / 1EA,Bakery Du Jour Vegan Croissants 3 Pack,Add to cart,Save to list
SAVE $0.60,$4.70,$5.30 - $0.62 / 100G,Abbott's Bakery Sourdough White Bread Sandwich Slice Loaf 760g,Promoted,Add to cart,Save to list
SAVE $2.10,$4.50,$6.60 - $1.02 / 100G,Tip Top Pizza Bases Wholemeal 12 Inch Bakery 2 pack,Promoted,Add to cart,Save to list
SAVE $0.60,$4.70,$5.30 - $0.62 / 100G,Abbott's Bakery Sourdough Rye Bread Sandwich Slice Loaf 760g,Promoted,Add to cart,Save to list
$6.50,$2.17 / 100G,Old Time Bakery Pizza Bases Gluten Free 2 Pack,Promoted,Add to cart,Save to list
$4.70,$0.78 / 1EA,Tip Top Damper Rolls BBQ Bread Bakery 6 pack,Add to cart,Save to list
EVERYDAY LOW PRICE,$2.00,$0.59 / 100G,Woolworths Soft White Mini Loaf 340g,Add to cart,Save to list
$23.00,$2.56 / 100G,Woolworths Biscoff Cheesecake Each,4.8,/,120,Add to cart,Save to list
$6.50,$1.30 / 1EA,Woolworths Salted Caramel Pretzel Cookies 5 Pack,4.1,/,395,Add to cart,Save to list
EVERYDAY LOW PRICE,$3.70,$1.23 / 100G,Woolworths Lamingtons 6 Pack,4.5,/,87,Add to cart,Save to list
$6.00,$2.22 / 100G,Woolworths Free From Gluten Lamingtons 12 Pack,4.2,/,42,Add to cart,Save to list
$4.00,$0.50 / 100G,Gold Coast Bakery Wholemeal Family Loaf Bread 800g,Add to cart,Save to list
SAVE $0.60,$4.70,$5.30 - $0.62 / 100G,Abbott's Bakery Sourdough White Bread Sandwich Slice Loaf 760g,Promoted,Add to cart,Save to list
SAVE $2.10,$4.50,$6.60 - $1.02 / 100G,Tip Top Pizza Bases Wholemeal 12 Inch Bakery 2 pack,Promoted,Add to cart,Save to list
SAVE $0.60,$4.70,$5.30 - $0.62 / 100G,Abbott's Bakery Sourdough Rye Bread Sandwich Slice Loaf 760g,Promoted,Add to cart,Save to list
$6.50,$2.17 / 100G,Old Time Bakery Pizza Bases Gluten Free 2 Pack,Promoted,Add to cart,Save to list
$4.00,$0.89 / 100G,Helga's Turkish Bread White 450g,Add to cart,Save to list
$6.50,$3.25 / 100G,Mr Brownie Chocolate Brownie 200g,Add to cart,Save to list
$6.50,$2.32 / 100G,Toscano French Brioche Rolls Chocolate Chip 280g,Add to cart,Save to list
$4.00,$4.00 / 100G,Woolworths Meringues Vanilla Minis 100g,4.6,/,623,Add to cart,Save to list
SAVE $0.50,$6.50,$7.00 - $0.27 / 1EA,Woolworths Funfetti Cookies 24 Pack,4.0,/,500,Add to cart,Save to list
EVERYDAY LOW PRICE,$4.00,$4.00 / 1EA,Woolworths Garlic Turkish Loaf each,4.6,/,259,Afternoon delivery & pick up,Add to cart,Save to list
$36.00,$2.77 / 100G,Woolworths Smash Cake Each,4.6,/,174,Add to cart,Save to list
$5.00,$1.25 / 1EA,Green's Triple Choc Lamingtons Lamingtons 4 Pack,Add to cart,Save to list
$6.50,$1.63 / 1EA,Brioche Gourmet Plant Based Brioche Burger Buns 4 Pack,Add to cart,Save to list
EVERYDAY LOW PRICE,$4.50,$1.25 / 100G,Helga's 12 Soft White Mini Wraps 360g,Add to cart,Save to list
$5.30,$2.65 / 100G,Woolworths Ginger Kisses 8 Pack,4.3,/,785,Add to cart,Save to list
$3.75,$0.94 / 1EA,Woolworths Kaiser Rolls 4 pack,4.0,/,253,Add to cart,Save to list
$4.00,$0.67 / 1EA,Woolworths Traditional Fruit Buns 6 pack,4.4,/,812,Afternoon delivery & pick up,Add to cart,Save to list
$6.50,$2.26 / 100G,Mission Carb Balance Spinach Wraps 6 pack,Add to cart,Save to list
$9.20,$9.20 / 1EA,Woolworths Large Pavlova Base Each,4.7,/,737,Add to cart,Save to list
$8.50,$2.13 / 100G,Woolworths Zesty Lemon Cake 400g,4.5,/,612,Add to cart,Save to list
$7.00,$3.78 / 100G,Bare Bakers Gluten Free Double Chocolate Muffin Bar 5 Pack,Add to cart,Save to list
$2.50,$0.63 / 100G,Gold Coast Bakery Wholemeal Half Loaf Slice 400g,Add to cart,Save to list
$5.60,$1.40 / 100G,Mission Pizza Base Original 2 Pack,Add to cart,Save to list
$6.00,$2.22 / 100G,Toscano Pizza Bruschettina 270g,Add to cart,Save to list
$3.75,$1.25 / 1EA,Woolworths White Panini Rolls 3 pack,4.5,/,680,Afternoon delivery & pick up,Add to cart,Save to list
$6.00,$1.50 / 1EA,Woolworths Caramel Iced Donuts 4 Pack,4.0,/,232,Add to cart,Save to list
$6.00,$3.16 / 100G,Woolworths Free From Gluten Pizza Base 190g,3.5,/,796,Add to cart,Save to list
EST. RESTOCK 06/04/25,Macro High Protein Lower Carb Linseed & Sunflower Rolls 4 Pack,3.3,/,219,View similar,products,             to Macro High Protein Lower Carb Linseed & Sunflower Rolls 4 Pack,Save to list
SAVE $0.60,$4.70,$5.30 - $0.62 / 100G,Abbott's Bakery Sourdough White Bread Sandwich Slice Loaf 760g,5.0,/,3, Promoted,Add to cart,Save to list
SAVE $2.10,$4.50,$6.60 - $1.02 / 100G,Tip Top Pizza Bases Wholemeal 12 Inch Bakery 2 pack,5.0,/,7, Promoted,Add to cart,Save to list
SAVE $0.60,$4.70,$5.30 - $0.62 / 100G,Abbott's Bakery Sourdough Rye Bread Sandwich Slice Loaf 760g,4.5,/,11, Promoted,Add to cart,Save to list
$5.00,$2.50 / 1EA,Woolworths Chocolate Eclair With Fresh Cream 2 Pack,Afternoon delivery & pick up,Add to cart,Save to list
EVERYDAY LOW PRICE,$2.00,$0.59 / 100G,Woolworths Multigrain Mini Loaf 340g,Add to cart,Save to list
$6.50,$3.25 / 1EA,Woolworths Caramel Macadamia Cheesecake 2 Pack,4.2,/,725,Add to cart,Save to list
$7.00,$7.00 / 1EA,Woolworths Sponge Iced Fresh Cream & Jam Pink Cake Each,Add to cart,Save to list
$4.50,$0.90 / 1EA,Great Temptations Fairy Cake 5 pack,Add to cart,Save to list
$6.00,$1.00 / 1EA,Mr Kipling Choc Slice 6 Pack,4.6,/,72,Add to cart,Save to list
$7.90,$1.32 / 100G,Mighty Soft Fruit Loaf Cafe Style 600g,Add to cart,Save to list
$8.00,$2.22 / 100G,National Pies Classic Beef & Cheese Pie 2 Pack,Add to cart,Save to list
$7.50,$4.41 / 100G,Noshu 97% Sugar Free Caramel Mud Cakes 170g,Add to cart,Save to list
SAVE $2.00,$19.00,$21.00 - $6.60 / 100G,Petite Maison French Macarons 24 Pack,Add to cart,Save to list
$5.60,$0.80 / 100G,Helga's Prebiotic Ancient Grains & Seeds 700g,Add to cart,Save to list
$4.00,$0.50 / 100G,Gold Coast Bakery White Family Loaf Sliced 800g,Add to cart,Save to list
$6.00,$1.20 / 1EA,Toscano Brioche English Muffins Classic 5 Pack,Add to cart,Save to list
$5.85,$2.93 / 100G,Woolworths Chocolate & Hazelnut Mousse Slice 2 Pack,4.3,/,504,Add to cart,Save to list
$7.50,$7.50 / 1EA,Crafted Seven Grains Sourdough Loaf each,4.4,/,170,Afternoon delivery & pick up,Add to cart,Save to list
$6.50,$0.87 / 100G,Helga's Country Grain Bread Loaf 750g,Add to cart,Save to list
LOWER AUTUMN PRICE,$4.00,$2.00 / 100G,RANGE WAS $4.60 - 25/02/2025,Mission Round Pizza Bases Garlic 2 Pack,Add to cart,Save to list
$6.00,$5.00 / 100G,Toscano Tiramisu Twin 60g x2 Pack,Add to cart,Save to list
$4.80,$1.20 / 1EA,Woolworths Cheese Rolls 4 pack,Afternoon delivery & pick up,Add to cart,Save to list
$4.15,$3.19 / 100G,Original Waffle Co Waffles English Style 130g,Add to cart,Save to list
EVERYDAY LOW PRICE,$4.10,$0.59 / 100G,Tip Top Sunblest Multi Grain Sandwich Slice Bread Loaf Bakery 700g,Add to cart,Save to list
$4.00,$1.33 / 1EA,Sara Lee Sandwich Croissant 225g,Add to cart,Save to list
$5.00,$0.83 / 1EA,Woolworths Mini Raspberry Scrolls 6 pack,Afternoon delivery & pick up,Add to cart,Save to list
EVERYDAY LOW PRICE,$4.00,$0.67 / 1EA,Woolworths Wise Wheat Hi Fibre White Rolls 6 pack,Afternoon delivery & pick up,Add to cart,Save to list
SAVE $0.60,$4.70,$5.30 - $0.62 / 100G,Abbott's Bakery Sourdough White Bread Sandwich Slice Loaf 760g,5.0,/,3, Promoted,Add to cart,Save to list
SAVE $2.10,$4.50,$6.60 - $1.02 / 100G,Tip Top Pizza Bases Wholemeal 12 Inch Bakery 2 pack,5.0,/,7, Promoted,Add to cart,Save to list
SAVE $0.60,$4.70,$5.30 - $0.62 / 100G,Abbott's Bakery Sourdough Rye Bread Sandwich Slice Loaf 760g,4.5,/,11, Promoted,Add to cart,Save to list
$6.50,$2.17 / 100G,Old Time Bakery Pizza Bases Gluten Free 2 Pack,Promoted,Add to cart,Save to list
$5.00,$2.50 / 1EA,Woolworths Chocolate Eclair With Fresh Cream 2 Pack,3.8,/,327,Afternoon delivery & pick up,Add to cart,Save to list
$2.50,$0.63 / 100G,Gold Coast Bakery Multi Grain Half Loaf 400g,Add to cart,Save to list
SAVE $1.50,$4.00,$5.50 - $0.90 / 100G,Helga's Sweet Potato Wraps 7 Pack,Add to cart,Save to list
$6.50,$1.08 / 1EA,Macro Wholefoods Market High Protein Linseed & Sunflower English Muffins 6 pack,3.9,/,145,Add to cart,Save to list
$6.50,$1.81 / 100G,Woolworths Free From Gluten Iced Carrot Cake Slices 4 Pack,4.1,/,346,Add to cart,Save to list
$6.00,$1.25 / 100G,Woolworths Tarts Large Custard 480g,3.7,/,800,Add to cart,Save to list
$6.00,$1.00 / 1EA,Mr Kipling Salted Caramel Slice 6 pack,4.6,/,84,Add to cart,Save to list
$9.50,$1.90 / 100G,Toscano Tiramisu 500g,Add to cart,Save to list
$5.80,$1.07 / 100G,Woolworths Carrot & Walnut Loaf 540g,4.2,/,641,Add to cart,Save to list
SAVE $0.50,$5.50,$6.00 - $0.92 / 1EA,Woolworths Scone Homestyle Fruit 6 Pack,3.6,/,346,Afternoon delivery & pick up,Add to cart,Save to list
SAVE $0.50,$4.50,$5.00 - $0.75 / 1EA,Krispy Kreme Original Glazed Bites 6 pack,Add to cart,Save to list
$7.50,$3.95 / 100G,Noshu 95% Sugar Free Fudgy Peanut Brownies 190g,Add to cart,Save to list
$7.50,$2.88 / 100G,Woolworths Caramel Bar Slice 260g,4.6,/,582,Add to cart,Save to list
SAVE $0.60,$4.70,$5.30 - $0.62 / 100G,Abbott's Bakery Sourdough White Bread Sandwich Slice Loaf 760g,5.0,/,3, Promoted,Add to cart,Save to list
SAVE $2.10,$4.50,$6.60 - $1.02 / 100G,Tip Top Pizza Bases Wholemeal 12 Inch Bakery 2 pack,5.0,/,7, Promoted,Add to cart,Save to list
SAVE $0.60,$4.70,$5.30 - $0.62 / 100G,Abbott's Bakery Sourdough Rye Bread Sandwich Slice Loaf 760g,4.5,/,11, Promoted,Add to cart,Save to list
$7.50,$3.00 / 100G,Woolworths Plantitude Vegan Dark Chocolate Brownie 250G,4.5,/,83,Add to cart,Save to list
$5.00,$1.25 / 1EA,Green's Deluxe Salted Caramel Lamingtons 4 pack,Add to cart,Save to list
$13.50,$2.00 / 100G,Woolworths Free From Gluten Dairy Free Chocolate Cheesecake 675g,4.1,/,447,Add to cart,Save to list
$5.50,$2.75 / 1EA,Cookieman Loaded Milk Choc Chip Cookies With Choc Hazelnut Filling 2 pack,Add to cart,Save to list
$6.50,$2.17 / 100G,Brioche Gourmet Swirls With Vanilla Crème 6 Pack,3.8,/,770,Add to cart,Save to list
$5.00,$1.08 / 100G,Simson's Pantry Tomato & Basil Large Wraps 7 pack,Add to cart,Save to list
SAVE $1.50,$4.00,$5.50 - $0.90 / 100G,Helga's Portuguese Peri Peri Wraps 7 Pack,Add to cart,Save to list
$9.50,$2.38 / 1EA,Woolworths Assorted Iced Cupcakes 4 Pack,4.1,/,369,Add to cart,Save to list
$4.50,$4.09 / 100G,Great Temptations Chocolate Chip Muffins 5 pack,Add to cart,Save to list
SAVE $0.50,$10.50,$11.00 - $1.46 / 100G,National Pies Little Beef Pie & Little Sausage Roll 12 Pack,1.0,/,1,Add to cart,Save to list
EVERYDAY LOW PRICE,$5.00,$5.00 / 1EA,Woolworths Jalapeno Pane Di Casa Loaf each,4.5,/,313,Afternoon delivery & pick up,Add to cart,Save to list
SAVE $0.60,$4.70,$5.30 - $0.62 / 100G,Abbott's Bakery Sourdough White Bread Sandwich Slice Loaf 760g,5.0,/,3, Promoted,Add to cart,Save to list
SAVE $2.10,$4.50,$6.60 - $1.02 / 100G,Tip Top Pizza Bases Wholemeal 12 Inch Bakery 2 pack,5.0,/,7, Promoted,Add to cart,Save to list
SAVE $0.60,$4.70,$5.30 - $0.62 / 100G,Abbott's Bakery Sourdough Rye Bread Sandwich Slice Loaf 760g,4.5,/,11, Promoted,Add to cart,Save to list
$6.50,$2.17 / 100G,Old Time Bakery Pizza Bases Gluten Free 2 Pack,Promoted,Add to cart,Save to list
SAVE $0.60,$4.70,$5.30 - $0.62 / 100G,Abbott's Bakery Sourdough White Bread Sandwich Slice Loaf 760g,5.0,/,3, Promoted,Add to cart,Save to list
$18.00,$2.77 / 100G,Miguel Maestre Basque Burnt Cheesecake 650g,Add to cart,Save to list
EVERYDAY LOW PRICE,$4.50,$1.00 / 100G,Mission Soft & Fluffy Butter Flavoured Wraps 12 Pack,Add to cart,Save to list
$32.00,$2.67 / 100G,Woolworths Assorted Celebration Cake 1.2kg,4.7,/,69,Add to cart,Save to list
$4.50,$4.09 / 100G,Great Temptations Orange & Poppyseed Muffins 5 pack,Add to cart,Save to list
$4.00,$2.00 / 1EA,Woolworths Feta & Spinach Bistro 2 Pack,4.0,/,228,Add to cart,Save to list
$6.50,$2.83 / 100G,Mr Kipling 6 Strawberry Bakewell Tarts 230g,Add to cart,Save to list
NEW,$18.00,$2.57 / 100G,Woolworths Caramel Macadamia Cheesecake 700g,Add to cart,Save to list
$4.00,$2.00 / 100G,Cakemark Cookies Coconut Macaroons 6 Pack 200g,Add to cart,Save to list
$12.50,$1.56 / 100G,Woolworths Lemon Curd Cheesecake 800g,4.2,/,298,Add to cart,Save to list
SAVE $1.00,$4.50,$5.50 - $1.17 / 100G,Mission Wraps Mini Wheat 8 Pack,Add to cart,Save to list
EST. RESTOCK 07/04/25,Bakery Du Jour Sliced Brioche Loaf 500g,Add to cart,Save to list
SAVE $0.50,$7.00,$7.50 - $2.59 / 100G,Bare Bakers Salted Caramel Choc Brownie 270g,Add to cart,Save to list
$3.50,$1.75 / 1EA,Woolworths Cheese & Garlic Swirl 2 Pack,3.5,/,312,Add to cart,Save to list
SAVE $1.20,$3.80,$5.00 - $1.73 / 100G,Toscano French Style Madeleines Original 220g,Add to cart,Save to list
$3.75,$0.94 / 1EA,Woolworths Seeded Diamond Ciabatta Rolls 4 pack,4.4,/,391,Afternoon delivery & pick up,Add to cart,Save to list
$4.50,$2.25 / 100G,Woolworths Hedgehog Slices 4 Pack,4.3,/,122,Add to cart,Save to list
$3.25,$3.25 / 1EA,Woolworths Seeded Mini Pane Di Casa Loaf each,4.6,/,670,Afternoon delivery & pick up,Add to cart,Save to list
$10.00,$0.83 / 1EA,Woolworths DIY Easter Cookie Kit Cookie Kit 460g,Add to cart,Save to list
$9.50,$3.17 / 1EA,Krispy Kreme Original Glazed Doughnuts 3 Pack,Add to cart,Save to list
$12.50,$1.56 / 100G,Woolworths Passionfruit Cheesecake 800g,Add to cart,Save to list
$6.50,$3.02 / 100G,Mr Kipling 6 Chocolate & Caramel Bakewell Tarts 215g,Add to cart,Save to list
$4.50,$3.75 / 100G,Great Temptations Mufnutz 5 pack,Add to cart,Save to list
SAVE $1.00,$5.00,$6.00 - $2.78 / 100G,Toscano French Crepes Strawberry Filled 6 Pack,Add to cart,Save to list
$3.75,$1.25 / 1EA,Woolworths Soy and Linseed Panini Rolls 3 pack,4.4,/,465,Afternoon delivery & pick up,Add to cart,Save to list
$14.00,$1.87 / 100G,Woolworths Free From Gluten Apple Pie 750g,4.2,/,312,Add to cart,Save to list
$10.50,$7.29 / 100G,Toscano Macarons 144g,Add to cart,Save to list
$3.50,$1.75 / 1EA,Woolworths Caramel Braid 2 Pack,3.5,/,293,Add to cart,Save to list
$3.75,$1.25 / 1EA,Woolworths Pumpkin Seed and Purple Wheat Panini Rolls 3 pack,4.3,/,148,Afternoon delivery & pick up,Add to cart,Save to list
$3.70,$0.44 / 100G,"Homestyle Bake Country Cafe 1"" Thick White Sliced Bread 850g",Add to cart,Save to list
$28.00,$3.11 / 1EA,Krispy Kreme Assorted Doughnuts 9 Pack,1.0,/,1,Add to cart,Save to list
$5.60,$1.40 / 100G,Mission Pizza Base Wholemeal 2 Pack,Add to cart,Save to list
$7.50,$3.00 / 100G,Woolworths Plantitude Vegan Dark Chocolate Cake 250G,4.8,/,5,Add to cart,Save to list
SAVE $0.60,$4.70,$5.30 - $0.62 / 100G,Abbott's Bakery Sourdough White Bread Sandwich Slice Loaf 760g,5.0,/,3, Promoted,Add to cart,Save to list
SAVE $2.10,$4.50,$6.60 - $1.02 / 100G,Tip Top Pizza Bases Wholemeal 12 Inch Bakery 2 pack,5.0,/,7, Promoted,Add to cart,Save to list
SAVE $0.60,$4.70,$5.30 - $0.62 / 100G,Abbott's Bakery Sourdough White Bread Sandwich Slice Loaf 760g,5.0,/,3, Promoted,Add to cart,Save to list
EVERYDAY LOW PRICE,$3.00,$0.43 / 100G,Woolworths Bread Grains 700g,Afternoon delivery & pick up,Add to cart,Save to list
EVERYDAY LOW PRICE,$5.00,$5.00 / 1EA,Woolworths Light Rye Pane Di Casa Loaf each,4.4,/,197,Afternoon delivery & pick up,Add to cart,Save to list
$20.00,$3.33 / 1EA,Krispy Kreme Assorted Sharer 6 pack,Add to cart,Save to list
SAVE $1.20,$3.80,$5.00 - $1.60 / 100G,Toscano French Style Madeleines Choc Cream Filled 238g,Add to cart,Save to list
$13.00,$1.44 / 1EA,Woolworths Decorated Vanilla Easter Cupcakes 9 pack,Add to cart,Save to list
$2.00,$1.00 / 1EA,Woolworths Baguette Half 2 Pack,Afternoon delivery & pick up,Add to cart,Save to list
$3.70,$0.44 / 100G,Homestyle Bake Country Cafe Sandwich Wholemeal Sliced Bread 850g,Add to cart,Save to list
$7.00,$7.00 / 1EA,Woolworths Brown Sponge Cake Iced With Fresh Cream & Jam Each,2.0,/,1,Add to cart,Save to list
$7.00,$7.00 / 1EA,Woolworths Fresh Cream & Caramel Each,Afternoon delivery & pick up,Add to cart,Save to list
$11.00,$3.67 / 1EA,Krispy Kreme Assorted Doughnuts 3 Pack,Add to cart,Save to list
$6.50,$3.51 / 100G,Park Avenue Decorate Your Own Petter Rabbit Easter Cookies 185g,Add to cart,Save to list
SAVE $0.60,$4.70,$5.30 - $0.62 / 100G,Abbott's Bakery Sourdough White Bread Sandwich Slice Loaf 760g,5.0,/,3, Promoted,Add to cart,Save to list
$14.00,$2.55 / 100G,Woolworths Chocolate Chunk Cookie Pie 550g,4.4,/,511,Afternoon delivery & pick up,Add to cart,Save to list
$4.65,$0.78 / 1EA,Balconi Rollino Hazelnut 6 Pack,Add to cart,Save to list
$4.65,$0.78 / 1EA,Balconi Roll Cacao 6 Pack,Add to cart,Save to list
NEW,$22.50,$3.21 / 100G,Buonissimo Tiramisu Bowl 700g,Add to cart,Save to list
OUT OF STOCK,Fropro High Protein Cheesecake Blueberry 2 Pack 250g,Add to cart,Save to list
OUT OF STOCK,The Homemade Collection Biscuits Ginger Creams 300g,Add to cart,Save to list
OUT OF STOCK,The Homemade Collection Cookies Cornflake 250g,Add to cart,Save to list
OUT OF STOCK,The Homemade Collection Cookies Jam Drops 250g,Add to cart,Save to list
OUT OF STOCK,The Homemade Collection Cookies Melting Moments 300g,Add to cart,Save to list
OUT OF STOCK,Woolworths Carrot Cake Cheesecake 900g,4.1,/,28,Add to cart,Save to list
OUT OF STOCK,Byblos Original White Lebanese Bread Large 5 Pack,View similar,products,             to Byblos Original White Lebanese Bread Large 5 Pack,Save to list
SAVE $0.60,$4.70,$5.30 - $0.62 / 100G,Abbott's Bakery Sourdough White Bread Sandwich Slice Loaf 760g,5.0,/,3, Promoted,Add to cart,Save to list
SAVE $2.10,$4.50,$6.60 - $1.02 / 100G,Tip Top Pizza Bases Wholemeal 12 Inch Bakery 2 pack,5.0,/,7, Promoted,Add to cart,Save to list
SAVE $0.60,$4.70,$5.30 - $0.62 / 100G,Abbott's Bakery Sourdough Rye Bread Sandwich Slice Loaf 760g,4.5,/,11, Promoted,Add to cart,Save to list
$6.50,$2.17 / 100G,Old Time Bakery Pizza Bases Gluten Free 2 Pack,Promoted,Add to cart,Save to list
$13.00,$1.73 / 100G,Woolworths Apple Lattice Pie 750g,4.2,/,372,Add to cart,Save to list
$4.30,$1.08 / 1EA,Bakery Du Jour Pain Au Choclat 4 Pack,Add to cart,Save to list
$6.50,$3.25 / 100G,Mr Brownie Blondies 8 Pack,Add to cart,Save to list
$16.50,$2.17 / 100G,Sara Lee Baked Cheesecake Chocolate Ganache 760g,Add to cart,Save to list
$3.50,$1.75 / 1EA,Woolworths Pain Raisin 2 Pack,3.5,/,283,Afternoon delivery & pick up,Add to cart,Save to list
$23.00,$2.95 / 100G,Woolworths Lemon Meringue Tart 780g,4.2,/,279,Add to cart,Save to list
$5.45,$0.55 / 1EA,Balconi Trancetto Cocoa 10 Pack,Add to cart,Save to list
SAVE $0.50,$4.50,$5.00 - $4.50 / 1EA,Woolworths Banoffee Turnover Each,Afternoon delivery & pick up,Add to cart,Save to list
$30.00,$2.73 / 100G,Woolworths Black Forest Gateau Each,4.2,/,161,Add to cart,Save to list
$12.00,$2.67 / 100G,Miguel Maestre Sticky Date Pudding 2 Pack,Add to cart,Save to list
$6.00,$1.00 / 100G,Macro Ancient Grain Loaf 600g,4.0,/,152,Add to cart,Save to list
$9.50,$2.11 / 100G,Toscano Chocolate Truffle 450g,Add to cart,Save to list
OUT OF STOCK,Woolworths Green & Gold Donuts 4 Pack 225g,4.3,/,80,Add to cart,Save to list
$14.00,$2.55 / 100G,Woolworths Chocolate Chunk Cookie Pie 550g,4.4,/,511,Afternoon delivery & pick up,Add to cart,Save to list
$4.65,$0.78 / 1EA,Balconi Rollino Hazelnut 6 Pack,Add to cart,Save to list
$4.65,$0.78 / 1EA,Balconi Roll Cacao 6 Pack,Add to cart,Save to list
NEW,$22.50,$3.21 / 100G,Buonissimo Tiramisu Bowl 700g,Add to cart,Save to list
OUT OF STOCK,Fropro High Protein Cheesecake Blueberry 2 Pack 250g,Add to cart,Save to list
OUT OF STOCK,The Homemade Collection Biscuits Ginger Creams 300g,Add to cart,Save to list
OUT OF STOCK,The Homemade Collection Cookies Cornflake 250g,Add to cart,Save to list
OUT OF STOCK,The Homemade Collection Cookies Jam Drops 250g,Add to cart,Save to list
OUT OF STOCK,The Homemade Collection Cookies Melting Moments 300g,Add to cart,Save to list
OUT OF STOCK,Woolworths Carrot Cake Cheesecake 900g,4.1,/,28,Add to cart,Save to list
OUT OF STOCK,Byblos Original White Lebanese Bread Large 5 Pack,View similar,products,             to Byblos Original White Lebanese Bread Large 5 Pack,Save to list
SAVE $0.60,$4.70,$5.30 - $0.62 / 100G,Abbott's Bakery Sourdough White Bread Sandwich Slice Loaf 760g,5.0,/,3, Promoted,Add to cart,Save to list
SAVE $2.10,$4.50,$6.60 - $1.02 / 100G,Tip Top Pizza Bases Wholemeal 12 Inch Bakery 2 pack,5.0,/,7, Promoted,Add to cart,Save to list
SAVE $2.10,$4.50,$6.60 - $1.02 / 100G,Tip Top Pizza Bases Wholemeal 12 Inch Bakery 2 pack,Promoted,Add to cart,Save to list
SAVE $0.60,$4.70,$5.30 - $0.62 / 100G,Abbott's Bakery Sourdough Rye Bread Sandwich Slice Loaf 760g,Promoted,Add to cart,Save to list
SAVE $1.00,$3.50,$4.50 - $1.40 / 100G,Philadelphia Sweet Chilli Cream Cheese Pourover Tub 250g,Promoted,Add to cart,Save to list
SAVE $3.05,$11.95,$15.00 - $40.51 / 1KG,Tasmanian Heritage 3 Cheese Selection 295g,Promoted,Add to cart,Save to list
SAVE $1.00,$7.50,$8.50 - $37.50 / 1KG,Mt Barker Free Range Roasted Shredded Chicken 200g,Promoted,Add to cart,Save to list
SAVE $0.50,$4.50,$5.00 - $2.25 / 100G,Nuffin Fetta & Cracked Pepper Dip 200g,Promoted,Add to cart,Save to list
LOWER AUTUMN PRICE,$21.00,$21.00 / 1KG,RANGE WAS $23.50KG - 25/02/2025,Champagne Leg Ham Shaved From The Deli Per Kg,Add to cart,Save to list
$19.00,$19.00 / 1KG,From the Deli Middle Bacon Rashers From The Deli Per Kg,Add to cart,Save to list
SAVE $2.00,$24.00,$26.00 - $24.00 / 1KG,D'Orsogna Ham Leg Triple Smoked 97% Fat Free Shaved 1kg,Add to cart,Save to list
$19.50,$19.50 / 1KG,Deli Leg Ham Shaved From The Deli Per Kg,Add to cart,Save to list
$23.00,$23.00 / 1KG,D'Orsogna Plain Streaky Bacon From The Deli Per Kg,Add to cart,Save to list
SAVE $6.00,$15.00,$21.00 - $15.00 / 1KG,D'Orsogna Shortcut Bacon Per Kg,Add to cart,Save to list
SAVE $1.00,$7.50,$8.50 - $34.09 / 1KG,Mt Barker Free Range Roasted Carved Chicken Breast 220g,Promoted,Add to cart,Save to list
SAVE $1.85,$5.65,$7.50 - $45.20 / 1KG,Tasmanian Heritage Triple Cream Oval Brie Cheese 125G,Promoted,Add to cart,Save to list
SAVE $2.50,$6.20,$8.70 - $34.44 / 1KG,Mersey Valley Classic Cheddar Cheese Block 180g,Promoted,Add to cart,Save to list
SAVE $1.00,$7.50,$8.50 - $34.09 / 1KG,Mt Barker Free Range Peri Peri Diced Chicken Breast 220g,Promoted,Add to cart,Save to list
$27.00,$27.00 / 1KG,D'Orsogna Chorizo From The Deli Per Kg,Add to cart,Save to list
$13.00,$13.00 / 1KG,Woolworths Shortcut Bacon 1kg,4.8,/,584,Add to cart,Save to list
EVERYDAY LOW PRICE,$3.00,$6.67 / 1KG,Macro Firm Tofu 450g,4.4,/,1187,Add to cart,Save to list
$26.00,$26.00 / 1KG,D'Orsogna Honey Ham Shaved From The Deli Per kg,Add to cart,Save to list
$36.00,$36.00 / 1KG,KRC Hungarian Salami Mild Shaved From The Deli Per Kg,Add to cart,Save to list
$29.50,$29.50 / 1KG,Moira Mac's Oven Roasted Chicken Breast Shredded From The Deli Per Kg,Add to cart,Save to list
LOWER AUTUMN PRICE,$21.00,$21.00 / 1KG,RANGE WAS $23.50KG - 25/02/2025,Champagne Leg Ham Sliced From The Deli Per Kg,Add to cart,Save to list
$2.30,$0.51 / 100G,Global Bakehouse Value Garlic Bread 225g x 2 pack,Add to cart,Save to list
SAVE $2.00,$27.00,$29.00 - $27.00 / 1KG,Ingham's Oven Roasted Turkey Breast Shaved From The Deli Per Kg,Add to cart,Save to list
SAVE $1.60,$7.90,$9.50 - $7.90 / 1KG,Don Cocktail Frankfurts From The Deli Per Kg,Add to cart,Save to list
$35.00,$35.00 / 1KG,Bertocchi Premium Boneless Leg Ham Shaved From The Deli Per Kg,Add to cart,Save to list
$9.50,$9.50 / 1KG,Hans Devon Sliced Per Kg,Add to cart,Save to list
$13.00,$13.00 / 1KG,Woolworths Middle Bacon 1kg,4.7,/,356,Add to cart,Save to list
EVERYDAY LOW PRICE,$4.70,$15.67 / 1KG,Primo Diced Bacon Pieces Cook & Create Twin Pack 300g,Add to cart,Save to list
$4.50,$36.00 / 1KG,Perfect Italiano Parmesan Cheese Grated 125g,Add to cart,Save to list
$4.40,$22.00 / 1KG,Woolworths Short Cut Bacon 200g,4.6,/,456,Add to cart,Save to list
$31.00,$31.00 / 1KG,D'Orsogna Tasty Sticks Mild From The Deli Per Kg,Add to cart,Save to list
$3.95,$39.50 / 1KG,2 FOR $6.70 - $33.50/1KG,Primo Champagne Ham Sliced 100g,4.0,/,1,Add to cart,Save to list
$8.00,$53.33 / 1KG,Castello Blue Cheese Creamy 150g,Promoted,Add to cart,Save to list
$4.50,$36.00 / 1KG,Perfect Italiano Parmesan Cheese Grated Extra Sharp 125g,5.0,/,1,Add to cart,Save to list
$2.60,$1.30 / 100G,Willow Farm Dip French Onion 200g,Add to cart,Save to list
EVERYDAY LOW PRICE,$1.00,$66.67 / 1KG,Hans Striker Salami Sticks 15g,Add to cart,Save to list
SAVE $10.00,$24.00,$34.00 - $24.00 / 1KG,Don Premium Smokehouse Ham Shaved From The Deli per kg,Add to cart,Save to list
SAVE $6.50,$26.00,$32.50 - $26.00 / 1KG,Don Melosi Leg Ham Shaved From The Deli per kg,Add to cart,Save to list
$27.00,$27.00 / 1KG,Primo Corned Beef Silverside Shaved From The Deli Per kg,Add to cart,Save to list
$3.95,$49.38 / 1KG,2 FOR $6.70 - $41.88/1KG,Primo Turkey Breast Sliced 80g,Add to cart,Save to list
$2.60,$1.30 / 100G,Willow Farm Dip Tzatziki 200g,Add to cart,Save to list
$34.00,$34.00 / 1KG,Don Pepperoni Sliced From The Deli Per Kg,Add to cart,Save to list
EVERYDAY LOW PRICE,$4.70,$15.67 / 1KG,Primo Shredded Ham Cook & Create Twin Pack 300g,Add to cart,Save to list
SAVE $2.00,$24.00,$26.00 - $24.00 / 1KG,D'Orsogna Triple Smoked Leg Ham 97% Fat Free Sliced From The Deli Per Kg,Add to cart,Save to list
$4.50,$36.00 / 1KG,Perfect Italiano Parmesan Cheese Shaved 125g,Add to cart,Save to list
$6.40,$25.60 / 1KG,Woolworths Shaved Parmesan 250g,4.6,/,923,Add to cart,Save to list
$8.00,$53.33 / 1KG,Castello Blue Cheese Creamy 150g,Promoted,Add to cart,Save to list
$6.80,$1.24 / 100G,Dari's Chicken & Corn Soup 550g,Promoted,Add to cart,Save to list
$6.80,$1.24 / 100G,Dari's Hearty Chicken Soup 550g,Promoted,Add to cart,Save to list
$6.80,$1.24 / 100G,Dari's Chicken Noodle Soup 550g,Promoted,Add to cart,Save to list
SAVE $1.50,$7.00,$8.50 - $35.00 / 1KG,Castello Mature Cheddar Cheese 200g,Promoted,Add to cart,Save to list
$6.80,$1.24 / 100G,Dari's Classic Pumpkin Soup 550g,Promoted,Add to cart,Save to list
$8.00,$53.33 / 1KG,Castello Brie Double Cream 150g,Promoted,Add to cart,Save to list
SAVE $1.50,$7.00,$8.50 - $35.00 / 1KG,Castello Creamy Havarti 200g,5.0,/,1, Promoted,Add to cart,Save to list
SAVE $1.60,$5.00,$6.60 - $25.00 / 1KG,Don Leg Ham Shaved 200g,Add to cart,Save to list
$8.00,$40.00 / 1KG,D'Orsogna Bacon Streaky 200g,5.0,/,2,Add to cart,Save to list
$7.50,$37.50 / 1KG,Perfect Italiano Parmesan Cheese Block 200g,Add to cart,Save to list
$3.00,$24.00 / 1KG,Thomas Dux Brie Cheese 125g,Add to cart,Save to list
$3.30,$6.60 / 1KG,Woolworths Hotdogs 500g,3.8,/,294,Add to cart,Save to list
SAVE $0.30,$5.20,$5.50 - $43.33 / 1KG,Tibaldi Signature Ham Off The Bone 120g,Add to cart,Save to list
$26.00,$26.00 / 1KG,D'Orsogna Honey Ham Sliced From The Deli Per kg,Add to cart,Save to list
$36.00,$36.00 / 1KG,Primo Roast Beef Shaved From The Deli Per kg,Add to cart,Save to list
$22.50,$22.50 / 1KG,Primo Kransky Cheese From The Deli Per Kg,Add to cart,Save to list
SAVE $1.50,$7.00,$8.50 - $35.00 / 1KG,Castello Mature Cheddar Cheese 200g,Promoted,Add to cart,Save to list
$11.95,$59.75 / 1KG,Tasmanian Heritage Double Brie Cheese 200g,Promoted,Add to cart,Save to list
$9.90,$42.13 / 1KG,Mersey Valley Classic Cheddar Cheese Block 235g,Promoted,Add to cart,Save to list
$9.90,$42.13 / 1KG,Mersey Valley Original Cheddar Cheese Block 235g,Promoted,Add to cart,Save to list
$6.80,$1.24 / 100G,Dari's Lentil Soup 550g,Promoted,Add to cart,Save to list
$20.00,$20.00 / 1KG,Primo Diced Bacon From The Deli Per Kg,Add to cart,Save to list
EVERYDAY LOW PRICE,$6.00,$60.00 / 1KG,Primo Gourmet Prosciutto 100g,Add to cart,Save to list
$23.00,$23.00 / 1KG,Woolworths Olives Kalamata Greek Pitted Per Kg,Add to cart,Save to list
SAVE $1.20,$5.00,$6.20 - $13.33 / 1KG,Don Famous Football Hot Dogs Skinless 375g,4.5,/,2,Add to cart,Save to list
$18.00,$18.00 / 1KG,Riverland Ham Shaved From The Deli Per kg,Add to cart,Save to list
$11.00,$27.50 / 1KG,Bertocchi Gold Long Rindless Premium Bacon 400g,Add to cart,Save to list
SAVE $1.00,$5.60,$6.60 - $28.00 / 1KG,Don Short Cut Rindless Bacon 200g,Add to cart,Save to list
$11.00,$1.76 / 100G,Latina Fresh Beef Ravioli Pasta Ravioli 625g,Add to cart,Save to list
$7.80,$31.20 / 1KG,Primo Chorizo 2 Pack,Add to cart,Save to list
$11.95,$59.75 / 1KG,Tasmanian Heritage Double Brie Cheese 200g,Promoted,Add to cart,Save to list
$4.50,$22.50 / 1KG,Macro Satay Tofu 200g,Add to cart,Save to list
$6.70,$22.33 / 1KG,Primo Cabanossi 300g,Add to cart,Save to list
EVERYDAY LOW PRICE,$2.30,$7.67 / 1KG,Macro Silken Tofu 300g,Add to cart,Save to list
$7.50,$37.50 / 1KG,Perfect Italiano Parmesan Cheese Block Extra Sharp 200g,Add to cart,Save to list
SAVE $0.80,$3.00,$3.80 - $1.54 / 100G,Yumi's Mini Hommus 65g x3 Pack,Add to cart,Save to list
$35.00,$35.00 / 1KG,Bertocchi Premium Boneless Leg Ham Sliced From The Deli Per Kg,Add to cart,Save to list
$4.50,$2.25 / 100G,2 FOR $7.00 - $1.75/100G,Chris' Dips Spicy Capsicum 200g,Add to cart,Save to list
$42.00,$42.00 / 1KG,Bertocchi Soppressa Salami Hot Sliced From The Deli Per Kg,Add to cart,Save to list
$14.00,$0.70 / 100G,Woolworths Beef Lasagne 2kg,3.3,/,520,Add to cart,Save to list
$6.80,$34.00 / 1KG,Primo Shortcut Rindless Bacon 200g,Add to cart,Save to list
$3.95,$39.50 / 1KG,2 FOR $6.70 - $33.50/1KG,Primo Double Smoked Sliced Leg Ham 100g,Add to cart,Save to list
EVERYDAY LOW PRICE,$3.25,$0.81 / 100G,Woolworths Garlic Loaf 400g,3.9,/,1022,Add to cart,Save to list
$4.50,$2.25 / 100G,2 FOR $7.00 - $1.75/100G,Chris' Dips Tzatziki 200g,Add to cart,Save to list
$3.95,$49.38 / 1KG,2 FOR $6.70 - $41.88/1KG,Primo Silverside Beef 80g,4.5,/,2,Add to cart,Save to list
LOWER AUTUMN PRICE,$3.50,$1.94 / 100G,RANGE WAS $4 - 25/02/2025,Chris' Dips French Onion 60g x3 Pack,Add to cart,Save to list
SAVE $8.00,$29.00,$37.00 - $29.00 / 1KG,D'Orsogna Premium Ham Off The Bone Sliced From The Deli Per Kg,Add to cart,Save to list
$5.50,$0.79 / 100G,Nevana Pizza Base 12 Pack,Add to cart,Save to list
$21.00,$21.00 / 1KG,Moira Mac's Chicken Breast Supreme Shaved From The Deli Per kg,Add to cart,Save to list
$8.80,$27.50 / 1KG,D'orsogna Double Smoked Leg Ham 4 Pack,5.0,/,1,Add to cart,Save to list
$7.00,$1.47 / 100G,Woolworths Classic Potato Mash 475g,3.9,/,721,Add to cart,Save to list
$9.10,$36.40 / 1KG,Thomas Dux Grana Padano 14 Months 250g,4.4,/,860,Add to cart,Save to list
$1.20,$12.00 / 1KG,Mayfair Devon Slices 100g,Add to cart,Save to list
$4.50,$2.25 / 100G,2 FOR $7.00 - $1.75/100G,Chris' Dips Avocado 200g,Add to cart,Save to list
EVERYDAY LOW PRICE,$4.00,$1.07 / 100G,La Tosca Fresh Pasta Lasagne Sheets 375g,Add to cart,Save to list
$4.50,$22.50 / 1KG,Macro Satay Tofu 200g,4.4,/,954,Add to cart,Save to list
$6.70,$22.33 / 1KG,Primo Cabanossi 300g,4.0,/,2,Add to cart,Save to list
SAVE $1.00,$3.50,$4.50 - $1.40 / 100G,Philadelphia Sweet Chilli Cream Cheese Pourover Tub 250g,Promoted,Add to cart,Save to list
SAVE $3.05,$11.95,$15.00 - $40.51 / 1KG,Tasmanian Heritage 3 Cheese Selection 295g,Promoted,Add to cart,Save to list
SAVE $1.00,$7.50,$8.50 - $37.50 / 1KG,Mt Barker Free Range Roasted Shredded Chicken 200g,Promoted,Add to cart,Save to list
SAVE $0.50,$4.50,$5.00 - $2.25 / 100G,Nuffin Fetta & Cracked Pepper Dip 200g,Promoted,Add to cart,Save to list
$4.50,$2.25 / 100G,2 FOR $7.00 - $1.75/100G,Chris' Dips Spring Onion 200g,4.0,/,1,Add to cart,Save to list
$6.90,$34.50 / 1KG,Woolworths Parmesan Cheese Block 200g,4.5,/,818,Add to cart,Save to list
SAVE $0.50,$3.50,$4.00 - $2.80 / 100G,Obela Hommus To Go Classic & Sakata Crackers 125g,5.0,/,1,Add to cart,Save to list
$5.70,$19.00 / 1KG,K R Castlemaine Kabana Stick 2x150g,Add to cart,Save to list
$11.95,$2.66 / 100G,2 FOR $20.00 - $2.22/100G,My Muscle Chef Chipotle Chick Burrito Bowl Chilled Meal 450g,5.0,/,1,Add to cart,Save to list
EVERYDAY LOW PRICE,$5.00,$1.25 / 100G,La Famiglia Garlic Bread 400g,Add to cart,Save to list
$4.20,$42.00 / 1KG,D'Orsogna Natural Premium Ham Gluten Free 97% Fat Free 100g,5.0,/,1,Add to cart,Save to list
SAVE $1.00,$3.50,$4.50 - $1.40 / 100G,Philadelphia Sweet Chilli Cream Cheese Pourover Tub 250g,Promoted,Add to cart,Save to list
SAVE $3.05,$11.95,$15.00 - $40.51 / 1KG,Tasmanian Heritage 3 Cheese Selection 295g,Promoted,Add to cart,Save to list
SAVE $1.00,$7.50,$8.50 - $37.50 / 1KG,Mt Barker Free Range Roasted Shredded Chicken 200g,Promoted,Add to cart,Save to list
SAVE $0.50,$4.50,$5.00 - $2.25 / 100G,Nuffin Fetta & Cracked Pepper Dip 200g,Promoted,Add to cart,Save to list
$8.00,$53.33 / 1KG,Castello Blue Cheese Creamy 150g,Promoted,Add to cart,Save to list
$6.80,$1.24 / 100G,Dari's Chicken & Corn Soup 550g,Promoted,Add to cart,Save to list
$6.80,$1.24 / 100G,Dari's Hearty Chicken Soup 550g,Promoted,Add to cart,Save to list
$6.80,$1.24 / 100G,Dari's Chicken Noodle Soup 550g,Promoted,Add to cart,Save to list
$3.95,$49.38 / 1KG,2 FOR $6.70 - $41.88/1KG,Primo Hot Hungarian Sliced Salami 80g,Add to cart,Save to list
$3.50,$31.82 / 1KG,Woolworths Pitted Kalamata Olives Garlic & Chilli 110g,4.4,/,767,Add to cart,Save to list
$4.00,$1.60 / 100G,Woolworths Classic Coleslaw 250g,4.0,/,935,Add to cart,Save to list
SAVE $5.00,$11.00,$16.00 - $22.00 / 1KG,Hans Twiggy Sticks Mild 500g,Add to cart,Save to list
$11.95,$3.51 / 100G,2 FOR $20.00 - $2.94/100G,My Muscle Chef Crumbed Chicken Roasted Potatoes Chilled Meal 340g,Add to cart,Save to list
$3.95,$39.50 / 1KG,2 FOR $6.70 - $33.50/1KG,Primo Manuka Honey Sliced Leg Ham 100g,Add to cart,Save to list
$28.00,$28.00 / 1KG,Mild Deli Salami Shaved From The Deli per kg,Add to cart,Save to list
SAVE $4.00,$37.00,$41.00 - $37.00 / 1KG,Pastoral Rare Roast Beef Sliced From The Deli Per kg,Add to cart,Save to list
$7.00,$0.88 / 100G,Woolworths Classic Coleslaw 800g,4.4,/,782,Add to cart,Save to list
$8.00,$53.33 / 1KG,Castello Blue Cheese Creamy 150g,Promoted,Add to cart,Save to list
$6.80,$1.24 / 100G,Dari's Chicken & Corn Soup 550g,Promoted,Add to cart,Save to list
$6.80,$1.24 / 100G,Dari's Hearty Chicken Soup 550g,Promoted,Add to cart,Save to list
SAVE $1.50,$7.00,$8.50 - $35.00 / 1KG,Castello Mature Cheddar Cheese 200g,Promoted,Add to cart,Save to list
$6.80,$1.24 / 100G,Dari's Classic Pumpkin Soup 550g,5.0,/,1, Promoted,Add to cart,Save to list
$8.00,$53.33 / 1KG,Castello Brie Double Cream 150g,Promoted,Add to cart,Save to list
SAVE $1.50,$7.00,$8.50 - $35.00 / 1KG,Castello Creamy Havarti 200g,5.0,/,1, Promoted,Add to cart,Save to list
$8.00,$2.29 / 100G,2 FOR $15.00 - $2.14/100G,Woolworths Spaghetti Bolognese Chilled Meal 350g,4.0,/,437,Add to cart,Save to list
SAVE $3.90,$16.00,$19.90 - $16.00 / 1KG,Riverina Full Cream Fetta Per kg,Add to cart,Save to list
$28.50,$28.50 / 1KG,Primo Roast Pork Sliced From The Deli Per kg,Add to cart,Save to list
$36.00,$36.00 / 1KG,K R Castlemaine Hungarian Salami Hot Sliced From The Deli Per Kg,Add to cart,Save to list
EVERYDAY LOW PRICE,$2.30,$7.67 / 1KG,Macro Classic Tofu Regular 300g,4.4,/,828,Add to cart,Save to list
$8.00,$2.29 / 100G,2 FOR $15.00 - $2.14/100G,Woolworths Butter Chicken With Rice Chilled Meal 350g,3.6,/,156,Add to cart,Save to list
$4.00,$1.33 / 100G,Woolworths Fresh Creamy Pumpkin Soup 300g,4.4,/,772,Add to cart,Save to list
$8.90,$44.50 / 1KG,Don Salami Pepperoni 200g,Add to cart,Save to list
$12.50,$50.00 / 1KG,Thomas Dux Parmigiano Reggiano Over 12 Months 250g,4.6,/,515,Add to cart,Save to list
SAVE $1.50,$7.00,$8.50 - $35.00 / 1KG,Castello Mature Cheddar Cheese 200g,Promoted,Add to cart,Save to list
$6.80,$1.24 / 100G,Dari's Classic Pumpkin Soup 550g,5.0,/,1, Promoted,Add to cart,Save to list
$8.00,$53.33 / 1KG,Castello Brie Double Cream 150g,Promoted,Add to cart,Save to list
$11.95,$59.75 / 1KG,Tasmanian Heritage Double Brie Cheese 200g,Promoted,Add to cart,Save to list
$9.90,$42.13 / 1KG,Mersey Valley Classic Cheddar Cheese Block 235g,Promoted,Add to cart,Save to list
$9.90,$42.13 / 1KG,Mersey Valley Original Cheddar Cheese Block 235g,Promoted,Add to cart,Save to list
$6.80,$1.24 / 100G,Dari's Lentil Soup 550g,Promoted,Add to cart,Save to list
$11.00,$11.00 / 1KG,Woolworths Cooking Bacon 1kg,4.1,/,338,Add to cart,Save to list
$8.00,$2.42 / 100G,La Famiglia Garlic Bread Ciabatta 330g,Add to cart,Save to list
$9.95,$2.84 / 100G,Strength Meals Co Lemon Herb Chicken Chilled Meal 350g,4.0,/,151,Add to cart,Save to list
$4.00,$1.60 / 100G,Woolworths Creamy Pasta Salad 250g,4.3,/,837,Add to cart,Save to list
$8.80,$35.20 / 1KG,Montecatini Authentic Spanish Style Chorizo 250g,2.0,/,1,Add to cart,Save to list
$4.50,$1.80 / 100G,Della Rosa Low Carb High Protein Pizza Base 250g,5.0,/,1,Add to cart,Save to list
SAVE $1.20,$4.80,$6.00 - $2.40 / 100G,Latina Fresh Kids Mini Ravioli Pasta Beef & Vegetable 200g,Add to cart,Save to list
$4.50,$2.25 / 100G,2 FOR $7.00 - $1.75/100G,Chris' Dips Three Olive 200g,Add to cart,Save to list
$6.00,$1.60 / 100G,Latina Fresh Egg Fettuccine Pasta 375g,Add to cart,Save to list
$4.50,$2.25 / 100G,Yumi's Roasted Capsicum & Cashew Dip 200g,Add to cart,Save to list
$8.00,$2.46 / 100G,Rana Ricotta & Spinach Tortellini Pasta 325g,Add to cart,Save to list
$4.50,$2.25 / 100G,Yumi's Roasted Beetroot Hommus Dip 200g,Add to cart,Save to list
EVERYDAY LOW PRICE,$4.95,$24.75 / 1KG,Thomas Dux Aged Cheddar 24 Months 200g,4.8,/,924,Add to cart,Save to list
SAVE $1.60,$5.00,$6.60 - $25.00 / 1KG,Don Thinly Sliced Honey Leg Ham 200g,Add to cart,Save to list
SAVE $1.00,$4.00,$5.00 - $2.96 / 100G,"Red Rock Deli Basil Pesto, Pecorino & Cashews 135g",Add to cart,Save to list
SAVE $3.00,$13.50,$16.50 - $13.50 / 1KG,Bertocchi Mortadella Plain Shaved From The Deli Per Kg,Add to cart,Save to list
SAVE $1.40,$5.50,$6.90 - $32.35 / 1KG,Mil Lel Extra Sharp Parmesan & Pecorino 170g,5.0,/,1,Add to cart,Save to list
$8.00,$40.00 / 1KG,D'Orsogna Maple Glazed Streaky Bacon 200g,Add to cart,Save to list
EVERYDAY LOW PRICE,$4.50,$0.75 / 100G,Jase's Kitchen Pizza Base 2 Pack,Add to cart,Save to list
$32.90,$32.90 / 1KG,Primo Pastrami Sliced From The Deli per kg,Add to cart,Save to list
SAVE $3.00,$13.50,$16.50 - $13.50 / 1KG,Bertocchi Mortadella Green Olives Sliced From The Deli Per Kg,Add to cart,Save to list
$7.90,$7.90 / 1KG,Primo Cocktail Frankfurts 1kg,Add to cart,Save to list
$9.95,$2.84 / 100G,Strength Meals Co Slow Cooked Beef Lasagne Beef Lasagne 350g,Add to cart,Save to list
$4.50,$2.25 / 100G,2 FOR $7.00 - $1.75/100G,Chris' Dips Traditional Hommus 200g,Add to cart,Save to list
SAVE $1.60,$5.00,$6.60 - $25.00 / 1KG,Don Champagne Leg Ham 200g,Add to cart,Save to list
$8.00,$80.00 / 1KG,San Marino Hungarian Mild Salami 100g,Add to cart,Save to list
$5.50,$68.75 / 1KG,Meredith Dairy Goat's Cheese Chevre Plain 80g,Add to cart,Save to list
$4.10,$1.37 / 100G,Evergreen Wonton Wrappers 300g,Add to cart,Save to list
SAVE $1.00,$3.00,$4.00 - $1.54 / 100G,Yumi's Avocado With Sea Salt Dip 65g x3 Pack,Add to cart,Save to list
$7.90,$13.17 / 1KG,Don Footy Frankfurts Skinless 600g,Add to cart,Save to list
$3.95,$39.50 / 1KG,2 FOR $6.70 - $33.50/1KG,Primo Leg Ham Sliced Salt Reduced 100g,Add to cart,Save to list
$4.40,$44.00 / 1KG,D'Orsogna Deli Fresh Ham Premium Leg 100g,Add to cart,Save to list
$11.95,$3.14 / 100G,2 FOR $20.00 - $2.63/100G,My Muscle Chef Beef Ravioli With Napolitana Sauce 380g,Add to cart,Save to list
$4.50,$2.25 / 100G,Yumi's Roasted Capsicum & Cashew Dip 200g,Add to cart,Save to list
$8.00,$2.46 / 100G,Rana Ricotta & Spinach Tortellini Pasta 325g,Add to cart,Save to list
SAVE $1.00,$3.50,$4.50 - $1.40 / 100G,Philadelphia Sweet Chilli Cream Cheese Pourover Tub 250g,Promoted,Add to cart,Save to list
SAVE $1.20,$4.80,$6.00 - $2.40 / 100G,Latina Fresh Kids Mini Ravioli Pasta Cheese & Vegetable 200g,Add to cart,Save to list
$8.00,$2.29 / 100G,2 FOR $15.00 - $2.14/100G,Woolworths Beef Lasagne 350g,3.5,/,438,Add to cart,Save to list
$11.95,$3.73 / 100G,2 FOR $20.00 - $3.13/100G,My Muscle Chef Creamy Chicken & Mushroom Pasta 320g,Add to cart,Save to list
$3.50,$31.82 / 1KG,Woolworths Green Olives With Chilli & Garlic 110g,4.3,/,835,Add to cart,Save to list
$11.00,$27.50 / 1KG,Bertocchi Gold Short Rindless Premium Bacon 400g,Add to cart,Save to list
EVERYDAY LOW PRICE,$4.50,$1.80 / 100G,Woolworths Free From Gluten & Dairy Garlic Bread 250g,3.5,/,634,Add to cart,Save to list
$11.00,$1.76 / 100G,Latina Fresh Veal Tortellini Pasta 625g,Add to cart,Save to list
$11.00,$55.00 / 1KG,Miguel Maestre Free Range Chorizo 200g,5.0,/,1,Add to cart,Save to list
$2.60,$1.30 / 100G,Willow Farm Beetroot Hommus 200g,Add to cart,Save to list
$7.30,$36.50 / 1KG,D'Orsogna Natural Shortcut Bacon Gluten Free Wood Smoked 200g,5.0,/,1,Add to cart,Save to list
$3.50,$25.93 / 1KG,Woolworths Semi Dried Tomatoes In Mediterranean Herbs 135g,4.4,/,1205,Add to cart,Save to list
$9.90,$42.13 / 1KG,Mersey Valley Classic Cheddar Cheese Block 235g,Add to cart,Save to list
SAVE $1.00,$4.00,$5.00 - $1.82 / 100G,Obela Hommus Smooth Classic 220g,5.0,/,1,Add to cart,Save to list
$8.00,$2.22 / 100G,Leggo's Ravioli Beef Tomato & Parmesan 360g,Add to cart,Save to list
$4.00,$1.33 / 100G,Woolworths Fresh Chicken & Corn Soup Asian Style 300g,4.0,/,1511,Add to cart,Save to list
SAVE $1.00,$3.50,$4.50 - $1.40 / 100G,Philadelphia Sweet Chilli Cream Cheese Pourover Tub 250g,Promoted,Add to cart,Save to list
SAVE $3.05,$11.95,$15.00 - $40.51 / 1KG,Tasmanian Heritage 3 Cheese Selection 295g,Promoted,Add to cart,Save to list
SAVE $1.00,$7.50,$8.50 - $37.50 / 1KG,Mt Barker Free Range Roasted Shredded Chicken 200g,Promoted,Add to cart,Save to list
$9.00,$24.00 / 1KG,Primo Cabanossi 375g,4.0,/,1,Add to cart,Save to list
SAVE $1.60,$5.00,$6.60 - $31.25 / 1KG,Don Hungarian Salami 160g,Add to cart,Save to list
SAVE $6.00,$16.00,$22.00 - $16.00 / 1KG,D'Orsogna Shortcut Bacon 1kg,5.0,/,2,Add to cart,Save to list
$5.80,$1.45 / 100G,Woolworths Classic Coleslaw 400g,4.3,/,889,Add to cart,Save to list
$11.95,$3.62 / 100G,2 FOR $20.00 - $3.03/100G,My Muscle Chef Satay Chicken With Basmati Rice & Green Peas 330g,Add to cart,Save to list
$20.00,$47.62 / 1KG,Tasmanian Heritage 4 Cheese Selection 420g,Promoted,Add to cart,Save to list
SAVE $2.50,$6.20,$8.70 - $34.44 / 1KG,Mersey Valley Original Vintage Cheddar Cheese Block 180g,Promoted,Add to cart,Save to list
$4.30,$2.15 / 100G,SSS Foods White Bean Garlic & Basil Dip 200g,Promoted,Add to cart,Save to list
SAVE $1.85,$5.65,$7.50 - $45.20 / 1KG,Tasmanian Heritage Oval Camembert Cheese 125g,Promoted,Add to cart,Save to list
$4.50,$1.00 / 100G,Global Bakehouse Garlic Bread 450g,Add to cart,Save to list
$4.30,$21.50 / 1KG,Thomas Dux Apricot & Almond Cream Cheese 200g,4.5,/,260,Add to cart,Save to list
$4.50,$30.00 / 1KG,Thomas Dux Creamy Blue Cheese 150g,5.0,/,7,Add to cart,Save to list
SAVE $1.80,$7.20,$9.00 - $36.00 / 1KG,Bio Cheese Dairy Free Cheddar Slices 200g,Add to cart,Save to list
SAVE $1.40,$5.50,$6.90 - $32.35 / 1KG,Mil Lel Shaved Parmesan 170g,Add to cart,Save to list
$5.00,$16.67 / 1KG,Macro Plain Tempeh 300g,3.5,/,558,Add to cart,Save to list
$11.95,$3.73 / 100G,2 FOR $20.00 - $3.13/100G,My Muscle Chef Thai Green Chicken Curry With Rice 320g,Add to cart,Save to list
$7.90,$7.90 / 1KG,Primo Frankfurts Slim 1kg,Add to cart,Save to list
$28.00,$28.00 / 1KG,Woolworths Semi Dried Tomatoes Mediterranean Herbs Per Kg,Add to cart,Save to list
LOWER AUTUMN PRICE,$5.50,$24.44 / 1KG,RANGE WAS $6.50 - 25/02/2025,Yumi's Sesame Falafel Balls 225g,5.0,/,1,Add to cart,Save to list
$4.40,$44.00 / 1KG,D'Orsogna Deli Fresh Ham Double Smoked 100g,Add to cart,Save to list
SAVE $2.50,$5.00,$7.50 - $1.11 / 100G,Leggo's Fresh Pasta Sauce Bolognese 450g,Add to cart,Save to list
OUT OF STOCK,My Muscle Chef Spaghetti Bolognese 330g,View similar,products,             to My Muscle Chef Spaghetti Bolognese 330g,Save to list
$11.95,$59.75 / 1KG,Tasmanian Heritage Camembert Cheese 200g,4.0,/,1,Add to cart,Save to list
$8.00,$0.80 / 100G,Obela Hommus 1kg,Add to cart,Save to list
$8.90,$44.50 / 1KG,Don Salami Hungarian Plain 200g,Add to cart,Save to list
SAVE $1.00,$5.60,$6.60 - $28.00 / 1KG,Don Bacon Pan Size Rindless 200g,Add to cart,Save to list
$8.00,$53.33 / 1KG,Castello Blue Cheese Creamy 150g,Promoted,Add to cart,Save to list
$4.40,$44.00 / 1KG,D'Orsogna Deli Fresh Ham Champagne Leg 100g,Add to cart,Save to list
$8.80,$36.67 / 1KG,D'Orsogna Turkey Thinly Sliced 60g x4 Pack,5.0,/,1,Add to cart,Save to list
SAVE $4.00,$4.00,$8.00 - $13.33 / 1KG,Plantein Plant Based Schnitzel 300g,Add to cart,Save to list
$4.50,$2.25 / 100G,Yumi's Italian Olive Dip 200g,Add to cart,Save to list
SAVE $1.00,$3.50,$4.50 - $2.80 / 100G,Obela Hi Protein Hommus To Go 125g,Promoted,Add to cart,Save to list
$6.80,$1.24 / 100G,Dari's Classic Vegetable Soup 550g,Promoted,Add to cart,Save to list
$6.80,$1.24 / 100G,Dari's Chunky Minestrone Soup 550g,1.0,/,1, Promoted,Add to cart,Save to list
$11.95,$59.75 / 1KG,Tasmanian Heritage Camembert Cheese 200g,4.0,/,1, Promoted,Add to cart,Save to list
$9.95,$2.84 / 100G,Strength Meals Co Bbq Chicken & Rice With Roasted Vegetables 350g,Add to cart,Save to list
SAVE $1.50,$4.00,$5.50 - $1.00 / 100G,Strength Meals Co Chicken Laksa High Protein Soup 400g,5.0,/,3,Add to cart,Save to list
SAVE $2.50,$5.00,$7.50 - $1.11 / 100G,Leggo's Fresh Napoli Sauce 450g,Add to cart,Save to list
$11.00,$1.76 / 100G,Latina Fresh Roast Chicken & Garlic Ravioli Pasta 625g,Add to cart,Save to list
$6.00,$30.00 / 1KG,Yumi's Green Goddess Burgers With Spinach Zucchini & Garden Peas 2 pack,Add to cart,Save to list
SAVE $3.00,$13.50,$16.50 - $13.50 / 1KG,Bertocchi Mortadella Plain Sliced From The Deli Per Kg,Add to cart,Save to list
EVERYDAY LOW PRICE,$3.00,$3.00 / 100G,Thomas Dux Quince Paste 100g,4.4,/,718,Add to cart,Save to list
LOWER AUTUMN PRICE,$5.50,$27.50 / 1KG,RANGE WAS $6.50 - 25/02/2025,Yumi's Herb Falafel 200g,Add to cart,Save to list
$22.50,$22.50 / 1KG,Kabana From The Deli per kg,Add to cart,Save to list
$20.00,$1.25 / 100G,Latina Fresh Beef Lasagne Australian Beef 1.6kg,4.0,/,1,Add to cart,Save to list
$3.50,$29.17 / 1KG,Woolworths Herb Green Olives Halves 120g,4.3,/,916,Add to cart,Save to list
$9.95,$2.84 / 100G,Strength Meals Co Braised Beef Ragu Chilled Meal 350g,Add to cart,Save to list
SAVE $4.00,$4.00,$8.00 - $1.07 / 100G,Latina Fresh Beef Ravioli Pasta 375g,Add to cart,Save to list
EVERYDAY LOW PRICE,$5.15,$25.75 / 1KG,Thomas Dux Dutch Smoked Cheese 200g,4.3,/,494,Add to cart,Save to list
$4.40,$24.44 / 1KG,Thomas Dux Persian Fetta Cheese 180g,4.3,/,499,Add to cart,Save to list
$11.95,$3.62 / 100G,2 FOR $20.00 - $3.03/100G,My Muscle Chef Beef Stroganoff Fettuccine Chilled Meal 330g,Add to cart,Save to list
$5.80,$1.45 / 100G,Woolworths Creamy Potato Salad 400g,4.1,/,716,Add to cart,Save to list
$14.50,$1.32 / 100G,Hedy's Fresh Quiche Spinach & Feta Chilled Meal 1.1kg,3.0,/,3,Add to cart,Save to list
SAVE $1.50,$7.00,$8.50 - $35.00 / 1KG,Castello Mature Cheddar Cheese 200g,Promoted,Add to cart,Save to list
$11.95,$59.75 / 1KG,Tasmanian Heritage Double Brie Cheese 200g,Promoted,Add to cart,Save to list
$9.90,$42.13 / 1KG,Mersey Valley Classic Cheddar Cheese Block 235g,Promoted,Add to cart,Save to list
$9.90,$42.13 / 1KG,Mersey Valley Original Cheddar Cheese Block 235g,Promoted,Add to cart,Save to list
$12.00,$48.00 / 1KG,Jarlsberg Original Cheese Block 250g,Add to cart,Save to list
$12.50,$62.50 / 1KG,Zanetti Pecorino Romano 200g,Add to cart,Save to list
$4.50,$2.25 / 100G,2 FOR $7.00 - $1.75/100G,Chris' Taramosalata Homestyle Caviar Dip 200g,Add to cart,Save to list
EVERYDAY LOW PRICE,$9.05,$18.10 / 1KG,ITEM PRICE BASED ON MAX WEIGHT,Marsh's Extra Tasty Cheddar Cheese 300g - 500g,Add to cart,Save to list
$14.90,$85.14 / 1KG,King Island Dairy Three Rivers Bay Triple Cream Brie Cheese 175g,Add to cart,Save to list
SAVE $1.00,$7.50,$8.50 - $34.09 / 1KG,Mt Barker Free Range Peri Peri Diced Chicken Breast 220g,Add to cart,Save to list
$6.00,$40.00 / 1KG,Moira Mac's Roast Chicken Breast Slices 150g,Add to cart,Save to list
$5.00,$35.71 / 1KG,Don Mini Kabana 140g,Add to cart,Save to list
$6.00,$60.00 / 1KG,Zanetti Parmigiano Reggiano Grated Cheese 100g,Add to cart,Save to list
$40.00,Absolutely Wrapped Vegetarian Platter Each,Add to cart,Save to list
$6.00,$40.00 / 1KG,Moira Mac's Pulled Chicken Breast 150g,Add to cart,Save to list
LOWER AUTUMN PRICE,$3.35,$1.86 / 100G,WAS $3.75 - 25/02/2025,Chris' Dips Hommus 60g x3 Pack,Add to cart,Save to list
$7.00,$70.00 / 1KG,D'Orsogna Prosciutto 100g,Add to cart,Save to list
$8.00,$2.29 / 100G,2 FOR $15.00 - $2.14/100G,Woolworths Bolognese Pasta Bake 350g,Add to cart,Save to list
$8.90,$44.50 / 1KG,Don Salami Danish 200g,Add to cart,Save to list
$8.00,$2.29 / 100G,2 FOR $15.00 - $2.14/100G,Woolworths Bangers & Mash Chilled Meal 350g,3.5,/,534,Add to cart,Save to list
$3.50,$29.17 / 1KG,Woolworths Colossal Sicilian Olives 120g,Add to cart,Save to list
EVERYDAY LOW PRICE,$8.75,$21.88 / 1KG,Riverland Chicken Slices 4 Pack,Add to cart,Save to list
SAVE $1.10,$4.40,$5.50 - $18.72 / 1KG,Thomas Dux Club Cheddar Cheese 235g,4.6,/,428,Add to cart,Save to list
LOWER AUTUMN PRICE,$3.50,$1.94 / 100G,RANGE WAS $4 - 25/02/2025,Chris' Homestyle Corn Relish 3 x 60g,Add to cart,Save to list
$4.10,$1.49 / 100G,Evergreen Gyoza Wrappers 275g,Add to cart,Save to list
$6.90,$23.00 / 1KG,Woolworths Green Olives With Chilli & Garlic 300g,4.5,/,331,Add to cart,Save to list
$3.50,$26.92 / 1KG,Woolworths Roasted Capsicum Strips 130g,4.3,/,1000,Add to cart,Save to list
$6.80,$34.00 / 1KG,Primo Extra Crispy Streaky Bacon 200g,Add to cart,Save to list
$9.95,$2.84 / 100G,Strength Meals Co High Protein Teriyaki Chicken With Edamame & Brown Rice 350g,Add to cart,Save to list
$8.00,$2.22 / 100G,National Pies Meat Pie 2 Pack,4.5,/,4,Add to cart,Save to list
EVERYDAY LOW PRICE,$3.60,$2.40 / 100G,Simply Delish Chunky Dip Fresh Basil With Cashews & Parmesan 150g,Add to cart,Save to list
$6.50,$28.89 / 1KG,Yumi's Pumpkin & Spinach Bites 225g,Add to cart,Save to list
EVERYDAY LOW PRICE,$3.60,$2.40 / 100G,"Simply Delish Chunky Dip Sundried Tomato, Capsicum & Cashew 150g",Add to cart,Save to list
$2.95,$14.75 / 1KG,Plantein Premium Plant Based Mince 200g,Add to cart,Save to list
SAVE $1.50,$4.00,$5.50 - $1.60 / 100G,Rana Egg Lasagne Pasta 250g,Add to cart,Save to list
SAVE $1.50,$4.00,$5.50 - $1.00 / 100G,Strength Meals Co High Protein Hearty Beef Soup 400g,Add to cart,Save to list
SAVE $0.40,$4.50,$4.90 - $22.50 / 1KG,Thomas Dux English Red Leicester 200g,4.5,/,983,Add to cart,Save to list
$7.00,$35.00 / 1KG,Bio Cheese Dairy Free Cheddar Block 200g,Add to cart,Save to list
EVERYDAY LOW PRICE,$9.90,$66.00 / 1KG,Thomas Dux Le Gruyere Cheese 150g,4.4,/,1453,Add to cart,Save to list
$6.10,$20.33 / 1KG,Thomas Dux Marinated Danish Fetta Herb & Garlic 300g,4.0,/,706,Add to cart,Save to list
$4.70,$15.67 / 1KG,Hans Pork Ham Steaks 300g,5.0,/,1,Add to cart,Save to list
$45.00,From the Deli Mediterranean Delight Platter Each,Add to cart,Save to list
$7.50,$37.50 / 1KG,Perfect Italiano Parmesan Romano Cheese Block 200g,Add to cart,Save to list
$4.40,$55.00 / 1KG,D'Orsogna Deli Fresh Spicy Chorizo Salami 80g,Add to cart,Save to list
EVERYDAY LOW PRICE,$3.30,$1.65 / 100G,Mediterranean Delite Garlic Dip 200g,Add to cart,Save to list
$3.50,$29.17 / 1KG,Woolworths Green Olives Fetta Filled 120g,4.2,/,810,Add to cart,Save to list
$8.00,$2.29 / 100G,2 FOR $15.00 - $2.14/100G,Woolworths Curried Sausages & Mash 350g,3.9,/,344,Add to cart,Save to list
SAVE $2.00,$5.50,$7.50 - $1.29 / 100G,Latina Fresh Creamy Carbonara Pasta Sauce Pasta Sauce 425g,Add to cart,Save to list
$4.30,$1.91 / 100G,SSS Foods Hommus Natural 225g,5.0,/,1,Add to cart,Save to list
$4.00,$1.60 / 100G,Woolworths Creamy Potato Salad 250g,4.0,/,844,Add to cart,Save to list
$4.00,$1.33 / 100G,Woolworths Fresh Chicken Noodle Soup 300g,3.5,/,449,Add to cart,Save to list
$5.50,$55.00 / 1KG,Meredith Dairy Goats Cheese 100g,Add to cart,Save to list
$42.00,$42.00 / 1KG,Bertocchi Pancetta Mild Sliced From The Deli Per kg,Add to cart,Save to list
$5.20,$2.08 / 100G,Leggo's Fresh Creamy Tomato Sauce 250g,Add to cart,Save to list
$16.80,$22.40 / 1KG,Primo Middle Bacon 750g,Add to cart,Save to list
$4.50,$2.25 / 100G,2 FOR $7.00 - $1.75/100G,Chris' Dips Sweet Potato & Cashew 200g,Add to cart,Save to list
$4.30,$2.15 / 100G,SSS Foods White Bean Garlic & Basil Dip 200g,Promoted,Add to cart,Save to list
SAVE $1.85,$5.65,$7.50 - $45.20 / 1KG,Tasmanian Heritage Oval Camembert Cheese 125g,Promoted,Add to cart,Save to list
$4.50,$2.25 / 100G,2 FOR $7.00 - $1.75/100G,Chris' Dips Tzatziki & Roasted Garlic 200g,Add to cart,Save to list
SAVE $1.25,$7.50,$8.75 - $2.68 / 100G,Latina Fresh Gluten Free Lasagne Sheets 280g,Add to cart,Save to list
$18.00,$18.00 / 1KG,Riverland Ham Sliced From The Deli Per kg,Add to cart,Save to list
$25.00,$25.00 / 1KG,Woolworths Olives Mixed Marinated Per Kg,Add to cart,Save to list
$8.00,$2.29 / 100G,2 FOR $15.00 - $2.14/100G,Woolworths Thai Green Chicken Curry With Rice Chilled Meal 350g,3.5,/,143,Add to cart,Save to list
$4.50,$2.25 / 100G,2 FOR $7.00 - $1.75/100G,Chris' Spicy Jalapeno Dip & Spread 200g,Add to cart,Save to list
SAVE $4.00,$4.00,$8.00 - $13.33 / 1KG,Plantein Plant Based Sweet Chilli Tenders 300g,5.0,/,1,Add to cart,Save to list
$3.50,$29.17 / 1KG,"Woolworths Greek style Mix, Semi Dried Tomatoes Olives Fetta 120g",3.9,/,677,Add to cart,Save to list
$4.00,$1.33 / 100G,Woolworths Potato & Leek Soup 300g,4.2,/,643,Add to cart,Save to list
SAVE $0.50,$6.20,$6.70 - $31.00 / 1KG,Don Kransky Cheese 2 Pack,Add to cart,Save to list
$8.90,$44.50 / 1KG,Don Salami Hungarian Hot 200g,Add to cart,Save to list
$4.50,$2.25 / 100G,2 FOR $7.00 - $1.75/100G,Chris' Dips Sundried Tomato 200g,Add to cart,Save to list
SAVE $5.50,$5.50,$11.00 - $0.87 / 100G,Leggo's Fresh Veal Tortellini 630g,Add to cart,Save to list
$6.60,$44.00 / 1KG,Thomas Dux Manchego Cheese 150g,4.1,/,627,Add to cart,Save to list
$8.00,$2.29 / 100G,2 FOR $15.00 - $2.14/100G,Woolworths Spinach & Ricotta Tortellini Napolitana Sauce Chilled Meal 350g,4.0,/,316,Add to cart,Save to list
$4.50,$2.25 / 100G,Yumi's Eggplant Mediterranean Dip 200g,Add to cart,Save to list
$5.50,$1.22 / 100G,Della Rosa Stone Baked Herb & Garlic Pizza Base 2 Pack,Add to cart,Save to list
SAVE $6.00,$16.00,$22.00 - $16.00 / 1KG,D'orsogna Middle Bacon 1kg,Add to cart,Save to list
$6.00,$17.14 / 1KG,Unreal Co. Plant Based Chick'n Chives Sausages 350g,Add to cart,Save to list
$24.00,$24.00 / 1KG,Woolworths Olives Green Stuffed Chilli Garlic Per Kg,Add to cart,Save to list
$7.50,$28.30 / 1KG,Castello Marinated Fetta Cubes 265g,Add to cart,Save to list
$17.00,$1.42 / 100G,Pasta Master Chicken & Bacon Bake Chilled Meal 1.2kg,Add to cart,Save to list
$3.00,$1.50 / 100G,Sugo Tu Pizza Dough Chilled 200g,Add to cart,Save to list
$3.45,$0.77 / 100G,Fantastic Fresh Noodles Thin Hokkien 450g,Add to cart,Save to list
$4.40,$44.00 / 1KG,D'Orsogna Triple Smoked Leg Ham 100g,Add to cart,Save to list
$11.95,$59.75 / 1KG,Tasmanian Heritage Double Brie Cheese 200g,Promoted,Add to cart,Save to list
$8.00,$2.22 / 100G,National Curried Chicken Pies 2 Pack,Add to cart,Save to list
$4.20,$2.47 / 100G,Picasso Kitchen Kitchen Cauliflower Base 170G,4.0,/,530,Add to cart,Save to list
SAVE $1.00,$4.00,$5.00 - $2.96 / 100G,"Red Rock Deli Roasted Red Capsicum, Pecorino, Cashews & Basil 135g",Add to cart,Save to list
$25.00,$25.00 / 1KG,Woolworths Mixed Tuscan Antipasto Per Kg,Add to cart,Save to list
$6.00,$46.15 / 1KG,Primo Reserve Pulled Pork 130g,Add to cart,Save to list
SAVE $1.25,$7.50,$8.75 - $2.68 / 100G,Latina Fresh Gluten Free Ricotta & Spinach Ravioli Pasta 280g,Add to cart,Save to list
SAVE $4.50,$32.50,$37.00 - $32.50 / 1KG,Primo Danish Salami Mild Sliced From The Deli Per Kg,Add to cart,Save to list
$8.00,$2.46 / 100G,Rana Porcini Mushroom Ravioli Pasta 325g,Add to cart,Save to list
$9.95,$2.84 / 100G,Strength Meals Co Classic Chicken Dinner With Gravy 350g,Add to cart,Save to list
$6.50,$28.89 / 1KG,Yumi's Zucchini & Lentil Bites 225g,Add to cart,Save to list
$2.70,$0.96 / 100G,Evergreen Chow Mein Noodles 280G,Add to cart,Save to list
EVERYDAY LOW PRICE,$4.75,$2.38 / 100G,Ready Chef Spinach & Fetta Quiche 200g,Add to cart,Save to list
$6.30,$6.30 / 100G,Maggie Beer Quince Paste 100g,Add to cart,Save to list
$9.50,$27.14 / 1KG,2 FOR $12.00 - $17.14/1KG,Primo Middle Bacon Rindless 350g,Add to cart,Save to list
$5.50,$2.20 / 100G,Woolworths Basil Pesto Pasta Salad 250g,Add to cart,Save to list
LOWER AUTUMN PRICE,$3.50,$1.94 / 100G,RANGE WAS $4 - 25/02/2025,Chris' Homestyle Dips Sweet Chilli 60g x 3 Pack,Add to cart,Save to list
$12.50,$31.25 / 1KG,D'Orsogna Tasty Stick Mild 400g,Add to cart,Save to list
IN-STORE ONLY,Moira Mac's Smoked Chicken Breast 300g,View similar,products,             to Moira Mac's Smoked Chicken Breast 300g,Save to list
$6.00,$46.15 / 1KG,Primo Reserve Chicken Schnitzel 130g,Add to cart,Save to list
SAVE $1.20,$4.80,$6.00 - $32.00 / 1KG,Bio Dairy Free Cheese Spread 150g,Add to cart,Save to list
SAVE $2.00,$12.00,$14.00 - $24.00 / 1KG,Don Short Cut Rindless Bacon Twin Pack 500g,Add to cart,Save to list
$5.20,$2.08 / 100G,Leggo's Fresh Napoli Sauce 250g,Add to cart,Save to list
SAVE $1.40,$5.50,$6.90 - $32.35 / 1KG,Mil Lel Shredded Parmesan 170g,Add to cart,Save to list
SAVE $1.50,$4.00,$5.50 - $1.00 / 100G,Strength Meals Co Spiced Pumpkin & Lentil High Protein Soup 400g,Add to cart,Save to list
$3.50,$31.82 / 1KG,Woolworths Green Olives With Lemon & Herbs 110g,4.0,/,788,Add to cart,Save to list
$4.40,$55.00 / 1KG,D'Orsogna Deli Fresh Lightly Smoked Turkey 80g,Add to cart,Save to list
EVERYDAY LOW PRICE,$1.00,$66.67 / 1KG,Hans Striker Pepperoni Hot Rocket Sticks 15g,Add to cart,Save to list
SAVE $1.50,$7.00,$8.50 - $17.50 / 1KG,V2 Plant Protein Mince 400g,Add to cart,Save to list
$17.00,$24.29 / 1KG,D'Orsogna Natural Leg Ham Portion 700g,4.5,/,4,Add to cart,Save to list
$5.00,$1.43 / 100G,Fast Fuel Meals Chicken Laksa 350g,Add to cart,Save to list
$6.00,$1.20 / 100G,Guzzi's Golden Pasta Gnocchi Potato 500g,Add to cart,Save to list
SAVE $1.00,$8.00,$9.00 - $22.86 / 1KG,Moira Mac's Portuguese Roasted Chicken Breast 350g,3.0,/,1,Add to cart,Save to list
$1.00,$1.00 / 1EA,Petite Cuisine Hash Brown Each,Add to cart,Save to list
SAVE $0.80,$4.00,$4.80 - $2.11 / 100G,Red Rock Deli Classics Caramelised French Onion 190g,Add to cart,Save to list
$3.00,$2.73 / 100G,Woolworths Classic Coleslaw 110g,4.2,/,469,Add to cart,Save to list
SAVE $3.00,$39.00,$42.00 - $39.00 / 1KG,Bertocchi Pepper Crusted Chili Soppressa Salami Sliced From The Deli Per Kg,Add to cart,Save to list
$8.00,$2.22 / 100G,Leggo's Agnolotti With Spinach Ricotta & Parmesan 360g,Add to cart,Save to list
SAVE $1.00,$3.50,$4.50 - $2.80 / 100G,Obela Hi Protein Hommus To Go 125g,Add to cart,Save to list
$4.80,$60.00 / 1KG,3 FOR $12.00 - $50.00/1KG,Tasmanian Heritage Blue Cheese 80g,Add to cart,Save to list
$8.00,$1.78 / 100G,La Famiglia Garlic Bread Entertainer Slices 450g,Add to cart,Save to list
SAVE $1.25,$7.50,$8.75 - $2.68 / 100G,Latina Fresh Gluten Free Beef Ravioli Pasta 280g,Add to cart,Save to list
$14.50,$48.33 / 1KG,Castello Soft Mild Blue Cheese 300g,Add to cart,Save to list
SAVE $1.00,$7.50,$8.50 - $34.09 / 1KG,Mt Barker Free Range Roasted Carved Chicken Breast 220g,Promoted,Add to cart,Save to list
SAVE $1.85,$5.65,$7.50 - $45.20 / 1KG,Tasmanian Heritage Triple Cream Oval Brie Cheese 125G,Promoted,Add to cart,Save to list
SAVE $2.50,$6.20,$8.70 - $34.44 / 1KG,Mersey Valley Classic Cheddar Cheese Block 180g,Promoted,Add to cart,Save to list
SAVE $1.00,$7.50,$8.50 - $34.09 / 1KG,Mt Barker Free Range Peri Peri Diced Chicken Breast 220g,Promoted,Add to cart,Save to list
SAVE $1.00,$3.60,$4.60 - $0.72 / 100G,La Tosca Fresh Pasta Potato Gnocchi 500g,Add to cart,Save to list
$5.00,$16.67 / 1KG,Evergreen Hard Tofu 300g,Add to cart,Save to list
$3.00,$2.73 / 100G,Woolworths Creamy Pasta Salad 110g,4.2,/,483,Add to cart,Save to list
$7.00,$35.00 / 1KG,Bio Cheese Dairy Free Pizza Shred 200g,5.0,/,1,Add to cart,Save to list
$4.50,$2.25 / 100G,2 FOR $7.00 - $1.75/100G,Chris' Dips Egyptian Beetroot 200g,Add to cart,Save to list
$3.50,$29.17 / 1KG,Woolworths Baby Pepper Bells Fetta Filled 120g,4.0,/,840,Add to cart,Save to list
SAVE $1.00,$2.00,$3.00 - $50.00 / 1KG,Don Donskis Mild 40g,5.0,/,1,Add to cart,Save to list
$8.00,$2.29 / 100G,2 FOR $15.00 - $2.14/100G,Woolworths Singapore Noodles Chilled Meal 350g,3.1,/,330,Add to cart,Save to list
$6.80,$1.24 / 100G,Dari's Classic Pumpkin Soup 550g,5.0,/,1,Add to cart,Save to list
$8.00,$2.29 / 100G,2 FOR $15.00 - $2.14/100G,Woolworths Teriyaki Chicken With Basmati Rice 350g,3.1,/,151,Add to cart,Save to list
$8.00,$2.29 / 100G,2 FOR $15.00 - $2.14/100G,Woolworths Tuna Mornay Bake 350g,3.9,/,356,Add to cart,Save to list
$6.20,$2.48 / 100G,The Salad Servers Quinoa Tabbouleh 250g,Add to cart,Save to list
EVERYDAY LOW PRICE,$3.25,$1.63 / 100G,Tiffany's Kitchen Tzatziki 200g,Add to cart,Save to list
$36.50,$36.50 / 1KG,Don Italian Style Salami Shaved From The Deli per kg,Add to cart,Save to list
$14.90,$74.50 / 1KG,King Island Dairy Cape Wickham Double Brie Cheese 200g,Add to cart,Save to list
SAVE $0.90,$6.70,$7.60 - $1.34 / 100G,Supreme Foods Roti Bread Canai 4 Pack 500g,Add to cart,Save to list
$6.50,$36.11 / 1KG,Tasmanian Heritage Gouda Cheese 180g,Add to cart,Save to list
$6.90,$23.00 / 1KG,Woolworths Pitted Kalamata Olives In Brine 300g,4.4,/,315,Add to cart,Save to list
$4.10,$41.00 / 1KG,Woolworths Double Smoked Sliced Ham Off The Bone 100g,4.1,/,354,Add to cart,Save to list
$7.00,$35.00 / 1KG,The British Sausage Co Raw Smoked Rindless Back Bacon 200g,Add to cart,Save to list
$25.00,$25.00 / 1KG,Woolworths Green Olive Half Marinated Per Kg,Add to cart,Save to list
SAVE $2.00,$8.50,$10.50 - $21.25 / 1KG,Gotzinger Cheese Kransky Chipolata 400g,Add to cart,Save to list
$4.80,$60.00 / 1KG,3 FOR $12.00 - $50.00/1KG,Mersey Valley Pickled Onion Cheddar Cheese Block 80g,Add to cart,Save to list
$6.80,$34.00 / 1KG,South Cape Brie 200g,Add to cart,Save to list
EST. RESTOCK 06/04/25,Gotzinger Continental Franks 300g,Add to cart,Save to list
$6.50,$1.81 / 100G,Picasso Kitchen Pizza Thin & Crispy Pepperoni 360g,Add to cart,Save to list
$5.00,$10.00 / 1KG,Primo Hot Dog Cocktail Frankfurts 500g,Add to cart,Save to list
EVERYDAY LOW PRICE,$1.05,$1.40 / 100G,Ingham's Coating Mix Seasoning Chicken 75g,Add to cart,Save to list
$16.50,$75.00 / 1KG,San Marino Antipasto Selection 220g,Add to cart,Save to list
SAVE $2.00,$7.00,$9.00 - $4.12 / 100G,Chris' Heritage Dips Vintage Cheddar & Caramelised Onion Cheese 170g,Add to cart,Save to list
$7.50,$25.00 / 1KG,Vegie Delights Thick Bbq Plant Based Sausages 300g,Add to cart,Save to list
$5.10,$34.00 / 1KG,Normandie Pate Chicken & Black Peppercorns 150g,Add to cart,Save to list
SAVE $0.50,$4.50,$5.00 - $2.25 / 100G,Nuffin Fetta & Cracked Pepper Dip 200g,Add to cart,Save to list
$6.50,$32.50 / 1KG,South Cape Apricot & Almond Cream Cheese 200g,Add to cart,Save to list
SAVE $1.50,$7.00,$8.50 - $35.00 / 1KG,Castello Mature Cheddar Cheese 200g,Promoted,Add to cart,Save to list
$6.80,$1.24 / 100G,Dari's Classic Pumpkin Soup 550g,5.0,/,1, Promoted,Add to cart,Save to list
EVERYDAY LOW PRICE,$3.90,$1.08 / 100G,Garlic Naan 2 pack,Add to cart,Save to list
$5.90,$59.00 / 1KG,Perfect Italiano Grated Parmesan Cheese Finely Grated 100g,Add to cart,Save to list
$9.95,$2.84 / 100G,Strength Meals Co Chicken Burrito Bowl 350g,Add to cart,Save to list
SAVE $2.00,$24.00,$26.00 - $24.00 / 1KG,D'Orsogna Triple Smoked Leg Ham 97% Fat Free Shaved From The Deli Per Kg,Add to cart,Save to list
EVERYDAY LOW PRICE,$3.25,$1.18 / 100G,Double Merino Pastry Gow Gee 275g,Add to cart,Save to list
$8.00,$2.29 / 100G,2 FOR $15.00 - $2.14/100G,Woolworths Chicken & Leek Potato Pie 350g,3.1,/,361,Add to cart,Save to list
$3.95,$49.38 / 1KG,2 FOR $6.70 - $41.88/1KG,Primo Chicken Breast Sliced Salt Reduced 80g,Add to cart,Save to list
SAVE $0.70,$6.50,$7.20 - $32.50 / 1KG,Mon Ami French Camembert Cheese 200g,Add to cart,Save to list
SAVE $1.50,$4.00,$5.50 - $1.82 / 100G,Obela Hommus Pistachio Lemon Dukkah 220g,5.0,/,1,Add to cart,Save to list
$14.90,$74.50 / 1KG,King Island Dairy Phoques Cove Camembert Cheese 200g,Add to cart,Save to list
$5.20,$41.60 / 1KG,Mon Ami Double Cream French Brie Petit 125g,Add to cart,Save to list
$6.80,$1.24 / 100G,Dari's Lentil Soup 550g,Promoted,Add to cart,Save to list
$6.20,$2.48 / 100G,Salad Servers Roasted Vegetable Couscous 250g,Add to cart,Save to list
$4.80,$60.00 / 1KG,3 FOR $12.00 - $50.00/1KG,Tasmanian Heritage Double Brie Cheese 80g,Add to cart,Save to list
LOWER AUTUMN PRICE,$8.00,$17.70 / 1KG,WAS $10 - 25/02/2025,V2 Plant Protein Burger 4 pack,Add to cart,Save to list
$11.00,$48.46 / 1KG,Impossible Plant Based Beef Burger 227g,Add to cart,Save to list
OUT OF STOCK,Noel Smoked Spanish Jamon Serrano Freshly Sliced From The Deli Per Kg,View similar,products,             to Noel Smoked Spanish Jamon Serrano Freshly Sliced From The Deli Per Kg,Save to list
$3.95,$49.38 / 1KG,2 FOR $6.70 - $41.88/1KG,Primo Mild Salami Sliced Salt Reduced 80g,Add to cart,Save to list
SAVE $0.80,$4.00,$4.80 - $2.11 / 100G,Red Rock Deli Classics Sweet Chilli & Sour Cream 190g,Add to cart,Save to list
$25.00,$25.00 / 1KG,Woolworths Green Olive Stuffed With Creamy Fetta Per Kg,Add to cart,Save to list
$6.50,$1.63 / 100G,Picasso Kitchen Pizza Thin & Crispy BBQ Chicken & Bacon 400g,Add to cart,Save to list
SAVE $1.00,$4.00,$5.00 - $2.96 / 100G,"Red Rock Deli Balsamic Beetroot, Fetta & Cashews Dip 135g",Add to cart,Save to list
SAVE $1.00,$4.00,$5.00 - $2.96 / 100G,"Red Rock Deli Roasted Pumpkin, Caramelised Onion & Cashews 135g",Add to cart,Save to list
$6.90,$23.00 / 1KG,Woolworths Australian Semi Dried Tomatoes Mediterranean Style Herbs 300g,4.6,/,301,Add to cart,Save to list
$4.50,$2.25 / 100G,Yumi's Hommus Roasted Garlic 200g,Add to cart,Save to list
SAVE $0.70,$5.80,$6.50 - $61.05 / 1KG,Castello Mini Cheeses Creamy Blue 5 Pack,Add to cart,Save to list
SAVE $2.50,$5.00,$7.50 - $1.11 / 100G,Leggo's Fresh Carbonara Sauce 450g,Add to cart,Save to list
SAVE $0.80,$4.00,$4.80 - $2.11 / 100G,Red Rock Deli Classics Cheesy Spinach & Garlic Cob Dip 190g,Add to cart,Save to list
$5.80,$72.50 / 1KG,TidBit Foods Consorcio Jamon Serrano 80g,Add to cart,Save to list
SAVE $0.40,$5.40,$5.80 - $27.00 / 1KG,Turkey Breast Sliced 200g,Add to cart,Save to list
$3.95,$49.38 / 1KG,2 FOR $6.70 - $41.88/1KG,Primo Mild Salami Sliced Salt Reduced 80g,Add to cart,Save to list
$5.90,$29.50 / 1KG,Roast Shredded Chicken Breast 200g,Add to cart,Save to list
$5.00,$40.00 / 1KG,Thomas Dux Truffle Brie 125g,4.2,/,3108,Add to cart,Save to list
$10.50,$1.40 / 100G,Woolworths Potato Egg & Bacon Salad 750g,4.4,/,7,Add to cart,Save to list
$14.00,$2.00 / 100G,Woolworths Zucchini & Bacon Slice 700g,3.9,/,420,Add to cart,Save to list
SAVE $1.00,$5.50,$6.50 - $1.57 / 100G,Pilpel Dip Hummous 350g,Add to cart,Save to list
$8.00,$2.29 / 100G,2 FOR $15.00 - $2.14/100G,Woolworths Chicken Stroganoff & Rice 350g,3.7,/,222,Add to cart,Save to list
$4.50,$2.25 / 100G,Yumi's Hommus Zesty Lemon 200g,Add to cart,Save to list
$6.80,$34.00 / 1KG,South Cape Camembert Cheese 200g,4.5,/,2,Add to cart,Save to list
SAVE $1.00,$6.80,$7.80 - $27.20 / 1KG,D'Orsogna Chorizo 250g,Add to cart,Save to list
SAVE $4.00,$4.00,$8.00 - $13.33 / 1KG,Plantein Plant Based Garlic Kyivs 300G,Add to cart,Save to list
EVERYDAY LOW PRICE,$25.30,$23.00 / 1KG,ITEM PRICE BASED ON MAX WEIGHT,Primo Corned Beef Silverside 500g - 1.1kg,Add to cart,Save to list
SAVE $1.50,$4.00,$5.50 - $1.82 / 100G,Obela Caramelised Onion Garnished Hommus 220g,Add to cart,Save to list
$7.00,$1.47 / 100G,Woolworths Roasted Garlic Mash 475g,4.3,/,718,Add to cart,Save to list
$9.00,$2.77 / 100G,25 Degrees South Baby Spinach & Fetta Ravioli Pasta 325g,3.0,/,2,Add to cart,Save to list
$6.80,$1.24 / 100G,Dari's Chunky Minestrone Soup 550g,1.0,/,1,Add to cart,Save to list
EVERYDAY LOW PRICE,$9.50,$29.69 / 1KG,Riverland Fermented Salami Sliced 320g,Add to cart,Save to list
$4.50,$2.25 / 100G,Yumi's Green Goddess Dip Hommus 200g,Add to cart,Save to list
SAVE $1.00,$7.50,$8.50 - $34.09 / 1KG,Mt Barker Free Range Roasted Carved Chicken Breast 220g,Promoted,Add to cart,Save to list
SAVE $1.85,$5.65,$7.50 - $45.20 / 1KG,Tasmanian Heritage Triple Cream Oval Brie Cheese 125G,Promoted,Add to cart,Save to list
SAVE $2.50,$6.20,$8.70 - $34.44 / 1KG,Mersey Valley Classic Cheddar Cheese Block 180g,Promoted,Add to cart,Save to list
SAVE $1.00,$7.50,$8.50 - $34.09 / 1KG,Mt Barker Free Range Peri Peri Diced Chicken Breast 220g,Promoted,Add to cart,Save to list
SAVE $1.40,$10.00,$11.40 - $28.57 / 1KG,Yarra Valley Persian Fetta 350g,Add to cart,Save to list
$11.50,$32.86 / 1KG,Tasmanian Heritage Marinated Fetta Cheese 350g,Add to cart,Save to list
LOWER AUTUMN PRICE,$6.30,$21.00 / 1KG,RANGE WAS $7.05 - 25/02/2025,Champagne Ham Shaved 300g,Add to cart,Save to list
SAVE $2.50,$2.50,$5.00 - $0.50 / 100G,Johnny Wong Hokkien Noodles 500g,Add to cart,Save to list
$5.00,$5.00 / 1KG,Mayfair Knob Ham & Chicken 1kg,Add to cart,Save to list
LOWER AUTUMN PRICE,$5.80,$26.36 / 1KG,RANGE WAS $6.50 - 25/02/2025,Wildly Good Original Veggie Burgers 2 Pack,Add to cart,Save to list
EVERYDAY LOW PRICE,$8.90,$2.23 / 100G,Woolworths Classic Butter Chicken Chilled Meal 400g,3.6,/,517,Add to cart,Save to list
$7.50,$37.50 / 1KG,Woolworths Mild Hungarian Salami 200g,4.2,/,163,Add to cart,Save to list
$5.50,$1.69 / 100G,Rana Fettuccine Pasta 325g,Add to cart,Save to list
$6.90,$24.64 / 1KG,Woolworths Baby Peppers With Cream Cheese & Fetta 280g,4.4,/,258,Add to cart,Save to list
$7.30,$36.50 / 1KG,Normandie Pate Pods Mixed Pack 200g,Add to cart,Save to list
$8.00,$2.29 / 100G,2 FOR $15.00 - $2.14/100G,Woolworths Sweet & Sour Chicken With Basmati Rice 350g,2.8,/,190,Add to cart,Save to list
SAVE $1.00,$8.50,$9.50 - $85.00 / 1KG,Tidbit Foods Prosciutto Di Parma 100g,Add to cart,Save to list
$12.50,$62.50 / 1KG,Frico Dutch Goat's Cheese Mild Cheese Wedge 200g,Add to cart,Save to list
EVERYDAY LOW PRICE,$3.25,$1.63 / 100G,Tiffany's Kitchen Capsicum Dip 200g,Add to cart,Save to list
$4.50,$2.25 / 100G,Yumi's Chipotle Hommus Dip 200g,Add to cart,Save to list
$4.50,$2.25 / 100G,2 FOR $7.00 - $1.75/100G,Chris' Homestyle Sweet Chilli Dip 200g,Add to cart,Save to list
$4.50,$2.25 / 100G,Yumi's Creamed Spinach Dip 200g,Add to cart,Save to list
SAVE $3.00,$11.00,$14.00 - $2.75 / 100G,Ruffie Rustic Foods Smoky Bacon Leek & Cheddar Quiche 2 Pack,Add to cart,Save to list
EVERYDAY LOW PRICE,$9.00,$22.50 / 1KG,Woolworths Cabanossi & Tasty Cheese Bites 400g,3.6,/,844,Add to cart,Save to list
$14.00,$1.75 / 100G,Woolworths Curried Sausages 800g,4.4,/,324,Add to cart,Save to list
$6.50,$1.44 / 100G,Obela Everyday Smooth Classic Hommus 450g,5.0,/,1,Add to cart,Save to list
$8.00,$80.00 / 1KG,San Marino Soppressa Mild Salami 100g,Add to cart,Save to list
$5.50,$23.91 / 1KG,Thomas Dux Dutch Edam 230g,4.5,/,247,Add to cart,Save to list
$20.00,$47.62 / 1KG,Tasmanian Heritage 4 Cheese Selection 420g,Promoted,Add to cart,Save to list
SAVE $2.50,$6.20,$8.70 - $34.44 / 1KG,Mersey Valley Original Vintage Cheddar Cheese Block 180g,Promoted,Add to cart,Save to list
$4.30,$2.15 / 100G,SSS Foods White Bean Garlic & Basil Dip 200g,Promoted,Add to cart,Save to list
SAVE $1.85,$5.65,$7.50 - $45.20 / 1KG,Tasmanian Heritage Oval Camembert Cheese 125g,Promoted,Add to cart,Save to list
$5.95,$19.83 / 1KG,Veef Plant Based Chorizo Sausages 300g,Add to cart,Save to list
$5.95,$19.83 / 1KG,Veef Plant Based Classic Sausages 300g,Add to cart,Save to list
$6.00,$60.00 / 1KG,Barossa Fine Foods Ham off the Bone 100g,Add to cart,Save to list
$9.95,$2.84 / 100G,Strength Meals Co Beef Tortellini Bolognese 350g,Add to cart,Save to list
LOWER AUTUMN PRICE,$6.50,$46.43 / 1KG,RANGE WAS $8.15 - 25/02/2025,Tasmanian Heritage Vintage Smoked Club Cheddar Cheese 140g,Add to cart,Save to list
$13.00,$3.25 / 100G,Woolworths Tasmanian Salmon With Rice Chilled Meal 400g,3.7,/,428,Add to cart,Save to list
$7.00,$26.92 / 1KG,Frico Maasdam Holland Cheese Wedge 260g,Add to cart,Save to list
$13.95,$31.00 / 1KG,ITEM PRICE BASED ON MAX WEIGHT,Primo Speck Portion 100g - 450g,Add to cart,Save to list
$4.00,$1.33 / 100G,Woolworths Chunky Vegetable Soup 300g,3.6,/,416,Add to cart,Save to list
LOWER AUTUMN PRICE,$4.00,$30.77 / 1KG,RANGE WAS $4.50 - 25/02/2025,Woolworths Semi-Dried Tomatoes & Bocconcini 130g,4.4,/,26,Add to cart,Save to list
$14.70,$42.00 / 1KG,ITEM PRICE BASED ON MAX WEIGHT,Bertocchi Traditional Flat Pancetta With Black Pepper 230g - 350g,Add to cart,Save to list
$4.50,$2.25 / 100G,2 FOR $7.00 - $1.75/100G,Chris' Hommus & Roasted Garlic Dip & Spread 200g,Add to cart,Save to list
$5.00,$55.56 / 1KG,Plantitude Smoked Ham Plant Based Slices 90g,3.0,/,374,Add to cart,Save to list
SAVE $1.85,$5.65,$7.50 - $45.20 / 1KG,Tasmanian Heritage Triple Cream Oval Brie Cheese 125G,Add to cart,Save to list
EVERYDAY LOW PRICE,$6.00,$31.58 / 1KG,Tasmanian Pate Smoked Salmon & Orange Brandy Pate 190g,Add to cart,Save to list
$5.00,$2.50 / 100G,Pilpel Hummus 200g,Add to cart,Save to list
SAVE $1.00,$4.00,$5.00 - $2.96 / 100G,"Red Rock Deli Roasted Sweet Potato, Smoked Paprika & Cashews 135g",Add to cart,Save to list
SAVE $1.00,$4.50,$5.50 - $56.25 / 1KG,Don Easy Entertaining Mild Hungarian Salami 80g,Add to cart,Save to list
SAVE $1.50,$7.00,$8.50 - $35.00 / 1KG,Castello Mature Cheddar Cheese 200g,Promoted,Add to cart,Save to list
$6.50,$65.00 / 1KG,Thomas Dux Sliced Mild Sopressa 100g,4.5,/,72,Add to cart,Save to list
SAVE $1.30,$5.50,$6.80 - $45.83 / 1KG,Tucker's Fruit Paste Quince & Wattleseed 60g x 2 Pack,Add to cart,Save to list
$9.90,$42.13 / 1KG,Mersey Valley Pickled Onion Cheddar Cheese Block 235g,Add to cart,Save to list
$6.50,$1.57 / 100G,Picasso Kitchen Pizza Thin & Crispy BBQ Meat Deluxe 415g,Add to cart,Save to list
$5.00,$25.00 / 1KG,Primo Cabanossi Bites 200g,3.0,/,1,Add to cart,Save to list
$13.50,$13.50 / 1KG,Three Aussie Farmers PORK BONES SMOKED PER KG,Add to cart,Save to list
$36.50,$36.50 / 1KG,Don Italian Style Salami Sliced From The Deli per kg,Add to cart,Save to list
$6.00,$3.33 / 100G,Pilpel Taramosalata Dip 180g,Add to cart,Save to list
$8.00,$2.67 / 100G,Rana Italian Ravioli With Prosciutto Di Parma 300g,Add to cart,Save to list
EST. RESTOCK 06/04/25,Rana Sundried Tomato Pesto Ravioli 325g,View similar,products,             to Rana Sundried Tomato Pesto Ravioli 325g,Save to list
$8.00,$2.22 / 100G,Tasmanian Bakeries Proper National Pies Free Range Chicken Bacon & Cheese 2 Pack,Add to cart,Save to list
$15.50,$2.21 / 100G,Woolworths Chicken & Vegetable Pie 700g,4.4,/,231,Add to cart,Save to list
$6.00,$75.00 / 1KG,Barossa Fine Foods Roast Turkey Breast 80g,Add to cart,Save to list
EVERYDAY LOW PRICE,$13.00,$26.00 / 1KG,Primo Middle Rindless Bacon Twin Pack 500g,Add to cart,Save to list
$8.00,$53.33 / 1KG,Frico Dutch Smoked Cheese 150g,Add to cart,Save to list
$20.00,$47.62 / 1KG,Tasmanian Heritage 4 Cheese Selection 420g,Add to cart,Save to list
SAVE $0.30,$5.20,$5.50 - $43.33 / 1KG,Tibaldi Signature Collection Triple Smoked Australian Ham 120g,Add to cart,Save to list
EVERYDAY LOW PRICE,$12.00,$1.50 / 100G,Woolworths Butter Chicken 800g,3.6,/,333,Add to cart,Save to list
SAVE $2.00,$7.00,$9.00 - $4.12 / 100G,"Chris' Heritage Dips Blue Cheese, Fig & Pistachio 170g",Add to cart,Save to list
$6.00,$1.71 / 100G,I Pastai Fresh Pasta Pappardelle 350g,Add to cart,Save to list
SAVE $1.50,$7.00,$8.50 - $23.33 / 1KG,V2 Plant Protein Schnitzel 2 pack,Add to cart,Save to list
$4.80,$60.00 / 1KG,3 FOR $12.00 - $50.00/1KG,Mersey Valley Jalapeno Cheddar Cheese Block 80g,Add to cart,Save to list
$5.20,$41.60 / 1KG,Mon Ami Mild & Creamy Camembert Petit 125g,Add to cart,Save to list
$8.00,$2.22 / 100G,National Pies Chunky Beef Pies 2 Pack,Add to cart,Save to list
EVERYDAY LOW PRICE,$8.40,$56.00 / 1KG,Thomas Dux Spanish Sheeps Cheese With Truffle 150g,4.0,/,1716,Add to cart,Save to list
SAVE $1.00,$8.95,$9.95 - $2.56 / 100G,Fast Fuel Chicken Katsudon Ready Meal 350g,2.0,/,1,Add to cart,Save to list
SAVE $2.50,$6.20,$8.70 - $34.44 / 1KG,Mersey Valley Original Vintage Cheddar Cheese Block 180g,Add to cart,Save to list
EVERYDAY LOW PRICE,$5.50,$44.00 / 1KG,Unicorn Classic Double Brie Cheese 125g,Add to cart,Save to list
$4.50,$2.25 / 100G,Yumi's Spicy Jalapeno Hommus 200g,Add to cart,Save to list
SAVE $1.00,$10.90,$11.90 - $77.86 / 1KG,Mifroma Le Gruyere Cave-Aged 11 Months Cheese 140g,Add to cart,Save to list
SAVE $1.00,$5.50,$6.50 - $1.67 / 100G,Pilpel Chilli Lemon Hommus 330g,Add to cart,Save to list
$14.20,$2.03 / 100G,Woolworths Ricotta & Spinach Cannelloni Chilled Meal 700g,4.2,/,126,Add to cart,Save to list
$5.60,$48.70 / 1KG,Old Telegraph Road Mild & Smooth Creamy Brie 115g,Add to cart,Save to list
$25.00,$25.00 / 1KG,Woolworths Jumbo Greek Kalamata Olives Per Kg,Add to cart,Save to list
$18.00,$2.25 / 100G,Woolworths Rosemary Lamb Shanks Chilled Meal 800g,4.4,/,298,Add to cart,Save to list
$6.00,$40.00 / 1KG,Moira Mac's Portugese Chicken Breast Slices 150g,Add to cart,Save to list
$8.00,$80.00 / 1KG,San Marino Milano Mild Salami 100g,Add to cart,Save to list
$6.00,$17.14 / 1KG,Unreal Co. Plant Based Sausages Brekky Bangers 6 pack,Add to cart,Save to list
$6.00,$60.00 / 1KG,Castello Extra Creamy Mild Blue Cheese 100g,Add to cart,Save to list
$3.50,$3.50 / 100G,Simply Delish High Protein Beetroot Tzatziki Dip 100g,Add to cart,Save to list
$70.00,$70.00 / 1KG,From the Deli Beretta Italian Prosciutto Di Parma Freshly Sliced Per Kg,Add to cart,Save to list
SAVE $2.20,$8.75,$10.95 - $51.47 / 1KG,King Island Dairy Stokes Point Smoked Cheddar Cheese 170g,Add to cart,Save to list
$14.00,$70.00 / 1KG,Thomas Dux Italian Parmigiano Reggiano Over 30 Months Matured 200g,4.7,/,1513,Add to cart,Save to list
$6.50,$28.89 / 1KG,Yumi's Spiced Lentil Koftas Middle Eastern Spices 8 Pack,Add to cart,Save to list
SAVE $2.00,$12.00,$14.00 - $24.00 / 1KG,Don Rindless Bacon Pan Size 2 Pack,Add to cart,Save to list
$10.00,$1.67 / 100G,Picasso Kitchen Bbq Meat Lovers Pizza 600g,Add to cart,Save to list
$6.50,$36.11 / 1KG,Tasmanian Heritage Edam Cheese 180g,Add to cart,Save to list
$4.10,$41.00 / 1KG,Woolworths Smoked Sliced Ham Off The Bone 100g,4.2,/,499,Add to cart,Save to list
$16.50,$82.50 / 1KG,Zanetti Parmigiano Reggiano Pdo 30m 200g,Add to cart,Save to list
$14.90,$74.50 / 1KG,King Island Dairy Lighthouse Blue Cheese 200g,Add to cart,Save to list
NEW,$11.00,$61.11 / 1KG,Maggie Beer Extra Creamy Brie 180g,Add to cart,Save to list
$5.00,$40.00 / 1KG,Thomas Dux Ash Brie 125g,4.4,/,700,Add to cart,Save to list
$9.35,$2.34 / 100G,Woolworths Caesar Style Pasta Salad Kit 400g,4.1,/,411,Add to cart,Save to list
SAVE $1.85,$5.65,$7.50 - $45.20 / 1KG,Tasmanian Heritage Triple Cream Oval Brie Cheese 125G,Promoted,Add to cart,Save to list
SAVE $2.50,$6.20,$8.70 - $34.44 / 1KG,Mersey Valley Classic Cheddar Cheese Block 180g,Promoted,Add to cart,Save to list
SAVE $1.00,$7.50,$8.50 - $34.09 / 1KG,Mt Barker Free Range Peri Peri Diced Chicken Breast 220g,Promoted,Add to cart,Save to list
$9.50,$19.00 / 1KG,Middle Bacon 500g,Add to cart,Save to list
$10.00,$1.67 / 100G,Picasso Kitchen Supreme Pizza 600g,Add to cart,Save to list
$6.50,$28.89 / 1KG,Yumi's Veggie Bites Roasted Veggies & Peas 225g,Add to cart,Save to list
$8.50,$42.50 / 1KG,Igor Gorgonzola Casaleonardi 200g,Add to cart,Save to list
LOWER AUTUMN PRICE,$6.50,$46.43 / 1KG,RANGE WAS $8.15 - 25/02/2025,Tasmanian Heritage Club Cheddar Cheese Trilogy 140g,Add to cart,Save to list
$15.50,$2.21 / 100G,Woolworths Chunky Beef & Vegetable Pie 700g,4.3,/,144,Add to cart,Save to list
$9.00,$2.77 / 100G,25 Degrees South Native Pumpkin Ricotta Ravioli Pasta 325g,Add to cart,Save to list
$8.00,$53.33 / 1KG,Frico Dutch Smoked Cheese 150g,Add to cart,Save to list
SAVE $2.50,$2.50,$5.00 - $0.63 / 100G,Johnny Wong Stir Fry Rice Noodles 400g,Add to cart,Save to list
EST. RESTOCK 07/04/25,Woolworths Mixed Grain Tabbouleh Salad 250g,3.7,/,254,View similar,products,             to Woolworths Mixed Grain Tabbouleh Salad 250g,Save to list
$8.00,$2.67 / 100G,Rana Burrata Cheese & Arrabbiata Ravioli 300g,Add to cart,Save to list
$8.00,$53.33 / 1KG,Castello Brie Double Cream 150g,Add to cart,Save to list
EVERYDAY LOW PRICE,$5.00,$1.43 / 100G,Ready Chef Tomato Bacon Pasta 350g,Add to cart,Save to list
$8.00,$2.29 / 100G,2 FOR $15.00 - $2.14/100G,Woolworths Chicken Pesto Pasta Bake 350g,3.6,/,284,Add to cart,Save to list
LOWER AUTUMN PRICE,$21.00,$21.00 / 1KG,RANGE WAS $23.50KG - 25/02/2025,Champagne Leg Ham Shaved From The Deli Per Kg,Add to cart,Save to list
EVERYDAY LOW PRICE,$5.50,$55.00 / 1KG,OB Finest Quince Paste 100g,Add to cart,Save to list
$9.35,$2.34 / 100G,Woolworths Basil Pesto Pasta Salad Kit 400g,3.9,/,395,Add to cart,Save to list
$19.00,$22.35 / 1KG,D'Orsogna Mini Champagne Leg Ham 850g,Add to cart,Save to list
$8.00,$53.33 / 1KG,Castello Blue Cheese Creamy 150g,Promoted,Add to cart,Save to list
$6.80,$1.24 / 100G,Dari's Chicken & Corn Soup 550g,Promoted,Add to cart,Save to list
$6.80,$1.24 / 100G,Dari's Hearty Chicken Soup 550g,Promoted,Add to cart,Save to list
$6.80,$1.24 / 100G,Dari's Chicken Noodle Soup 550g,Promoted,Add to cart,Save to list
$8.00,$2.22 / 100G,National Pies Classic Beef & Pepper Pies 2 Pack,Add to cart,Save to list
EVERYDAY LOW PRICE,$3.60,$2.40 / 100G,Simply Delish Roasted Pumpkin With Cashews & Parmesan 150g,Add to cart,Save to list
$6.50,$32.50 / 1KG,South Cape Herb & Garlic Cream Cheese 200g,Add to cart,Save to list
$17.70,$17.70 / 1KG,Hans Strassburg Sliced Traditional Per Kg,Add to cart,Save to list
$6.50,$1.59 / 100G,Picasso Kitchen Pizza Thin & Crispy Supreme 410g,Add to cart,Save to list
SAVE $1.00,$4.00,$5.00 - $2.96 / 100G,"Red Rock Deli Roasted Tomato, Feta, Basil & Cashews 135g",Add to cart,Save to list
$8.00,$80.00 / 1KG,San Marino Spicy Chorizo 100g,Add to cart,Save to list
$14.00,$2.00 / 100G,Woolworths Beef Mince Pie 700g,3.4,/,27,Add to cart,Save to list
SAVE $2.00,$27.00,$29.00 - $27.00 / 1KG,Woolworths Turkey Breast Oven Roasted Shaved PER KG,Add to cart,Save to list
EVERYDAY LOW PRICE,$3.25,$1.63 / 100G,Tiffany's Kitchen Hommus 200g,Add to cart,Save to list
SAVE $1.00,$3.50,$4.50 - $2.80 / 100G,Obela Hi Protein Hommus To Go 125g,Promoted,Add to cart,Save to list
$6.80,$1.24 / 100G,Dari's Classic Vegetable Soup 550g,Promoted,Add to cart,Save to list
$6.80,$1.24 / 100G,Dari's Chunky Minestrone Soup 550g,1.0,/,1, Promoted,Add to cart,Save to list
$11.95,$59.75 / 1KG,Tasmanian Heritage Camembert Cheese 200g,4.0,/,1, Promoted,Add to cart,Save to list
LOWER AUTUMN PRICE,$5.80,$26.36 / 1KG,RANGE WAS $6.50 - 25/02/2025,Wildly Good Smoky Cauliflower Burgers 2 Pack,Add to cart,Save to list
$14.00,$2.00 / 100G,Woolworths Beef Mince Pie 700g,3.4,/,27,Add to cart,Save to list
$13.00,$3.25 / 100G,Woolworths Slow Cooked Lamb With Gravy Roasted Garlic Mash & Peas 400g,3.7,/,170,Add to cart,Save to list
SAVE $2.00,$7.00,$9.00 - $4.12 / 100G,Chris' Heritage Smoked Gouda & Jalapeno Dip 170g,Add to cart,Save to list
$19.00,$22.35 / 1KG,D'orsogna Triple Smoked Leg Ham 850g,Add to cart,Save to list
$8.00,$80.00 / 1KG,San Marino Hungarian Hot Salami 100g,Add to cart,Save to list
SAVE $0.50,$7.50,$8.00 - $1.79 / 100G,National Pies Jumbo Sausage Rolls Chilled Meal 2 Pack,Add to cart,Save to list
SAVE $1.00,$5.60,$6.60 - $22.40 / 1KG,Don Middle Bacon Rindless 250g,Add to cart,Save to list
$6.20,$41.33 / 1KG,Homestead by Tasmanian Pate Duck Pate With Tasmanian Brandy 150g,Add to cart,Save to list
SAVE $2.50,$2.50,$5.00 - $0.63 / 100G,Johnny Wong Stir Fry Rice Noodles 400g,Add to cart,Save to list
$4.80,$60.00 / 1KG,3 FOR $12.00 - $50.00/1KG,Mersey Valley Salt & Vinegar Cheddar Cheese Block 80g,Add to cart,Save to list
SAVE $0.50,$10.50,$11.00 - $1.46 / 100G,National Pies Little Beef Pie & Little Sausage Roll 12 Pack,1.0,/,1,Add to cart,Save to list
$12.33,$14.50 / 1KG,Three Aussie Farmers Bulk Smoked Hocks Min. 850g,Add to cart,Save to list
$42.00,$14.00 / 1KG,MIN $21.25 - MAX $37.50,Woolworths Quarter Leg Ham 1.7kg - 3kg,4.8,/,64,Item price based on max weight,Add to cart,Save to list
$9.00,$2.77 / 100G,25 Degrees South Australian Prosciutto & Ricotta Ravioli Pasta 325g,Add to cart,Save to list
$13.00,$54.17 / 1KG,Chrystal Fresh Cheese Board Selection 240g,Add to cart,Save to list
EVERYDAY LOW PRICE,$9.00,$2.57 / 100G,Easy Eats Chicken Pesto Pasta 350g,Add to cart,Save to list
EVERYDAY LOW PRICE,$5.00,$1.43 / 100G,Ready Chef Chicken Curry Rice 350g,Add to cart,Save to list
$11.95,$59.75 / 1KG,Tasmanian Heritage Double Brie Cheese 200g,Promoted,Add to cart,Save to list
$9.00,$45.00 / 1KG,Frico Gouda Holland Cumin Cheese Wedge 200g,Add to cart,Save to list
EVERYDAY LOW PRICE,$10.00,$23.26 / 1KG,Moondarra Marinated Cheese Soft & Creamy 430g,Add to cart,Save to list
$8.00,$80.00 / 1KG,San Marino Salami Soppressa Hot 100g,Add to cart,Save to list
SAVE $1.85,$5.65,$7.50 - $45.20 / 1KG,Tasmanian Heritage Oval Camembert Cheese 125g,Add to cart,Save to list
$8.00,$2.29 / 100G,2 FOR $15.00 - $2.14/100G,Woolworths Lamb Rogan Josh With Basmati Rice 350g,3.9,/,196,Add to cart,Save to list
$13.00,$3.25 / 100G,Woolworths Prosciutto Wrapped Chicken Chilled Meal 400g,4.0,/,510,Add to cart,Save to list
$10.00,$1.25 / 100G,Chinese Fried Rice Family Meal 800g,Add to cart,Save to list
$5.40,$36.00 / 1KG,Hungarian Salami Sliced 150g,Add to cart,Save to list
SAVE $2.50,$6.50,$9.00 - $1.63 / 100G,Latina Fresh PROTEIN Pasta Chicken & Pesto Ravioli 400g,Add to cart,Save to list
$65.00,From the Deli Grazing Table Platter Each,Add to cart,Save to list
$8.00,$20.00 / 1KG,Gotzinger Smoky Texas Brat 400g,Add to cart,Save to list
SAVE $4.00,$4.00,$8.00 - $1.07 / 100G,Latina Fresh Ricotta & Spinach Agnolotti Pasta 375g,Add to cart,Save to list
NEW,$4.50,$3.46 / 100G,Mediterranean Olive Mix 130g,Add to cart,Save to list
$5.80,$44.62 / 1KG,Tasmanian Pate Smoked Salmon & Cracked Pepper Pate 130g,Add to cart,Save to list
LOWER AUTUMN PRICE,$4.00,$36.36 / 1KG,RANGE WAS $4.50 - 25/02/2025,Woolworths Marinated Button Mushrooms 110g,4.0,/,321,Add to cart,Save to list
$5.85,$19.50 / 1KG,Deli Leg Ham Shaved 300g,Add to cart,Save to list
EVERYDAY LOW PRICE,$9.00,$2.57 / 100G,Easy Eats Honey Sriracha Chicken 350g,Add to cart,Save to list
SAVE $1.00,$8.95,$9.95 - $2.56 / 100G,Fast Fuel Bbq Chicken & Mac & Cheese 350g,Add to cart,Save to list
$8.50,$34.00 / 1KG,Melbourne Cheese Company Persian Fetta 250g,Add to cart,Save to list
EVERYDAY LOW PRICE,$3.60,$2.40 / 100G,Simply Delish Beetroot with Cashews & Parmesan Dip 150g,Add to cart,Save to list
$6.50,$32.50 / 1KG,South Cape Cracked Pepper Cream Cheese 200g,Add to cart,Save to list
$11.00,$36.67 / 1KG,Thomas Dux Marinated Goats Cheese 300g,4.5,/,275,Add to cart,Save to list
$6.50,$65.00 / 1KG,Thomas Dux Sliced Hot Sopressa 100g,4.6,/,54,Add to cart,Save to list
SAVE $1.50,$8.20,$9.70 - $54.67 / 1KG,Tidbit Foods Truffle Cheese 150g,Add to cart,Save to list
$12.00,$1.50 / 100G,Classic Cauliflower Cheese Bake Family Meal 800g,Add to cart,Save to list
SAVE $1.00,$8.95,$9.95 - $2.56 / 100G,Fast Fuel Lemon Herb Schnitzel & Rosemary Mash 350g,Add to cart,Save to list
$5.50,$33.33 / 1KG,"Kenilworth Dairies Sweet Chili, Sour Cream & Bell Pepper Club Cheddar 165G",5.0,/,1,Add to cart,Save to list
EVERYDAY LOW PRICE,$11.10,$63.43 / 1KG,Thomas Dux French Comte Matured 8 Months 175g,4.3,/,1376,Add to cart,Save to list
$7.50,$22.73 / 1KG,V2 Plant Protein Sausages Miguel's Smokey BBQ 6 pack,Add to cart,Save to list
SAVE $1.00,$4.50,$5.50 - $56.25 / 1KG,Don Easy Entertaining Italian Style Salami 80g,Add to cart,Save to list
$9.00,$45.00 / 1KG,Frico Gouda Holland Mild Cheese Wedge 200g,Add to cart,Save to list
EVERYDAY LOW PRICE,$5.20,$13.87 / 1KG,Hans Polish 375g,Add to cart,Save to list
$8.40,$28.00 / 1KG,Made With Plants Meat Free Roast Duck 300g,Add to cart,Save to list
SAVE $1.10,$10.90,$12.00 - $54.50 / 1KG,Maggie Beer Ash Triple Cream Brie 200g,Add to cart,Save to list
$25.00,$1.47 / 100G,Herb Roasted Chicken With Mash & Veg 1.7kg,Add to cart,Save to list
$5.60,$48.70 / 1KG,Old Telegraph Road Soft & Creamy Camembert 115g,Add to cart,Save to list
$8.00,$2.29 / 100G,2 FOR $15.00 - $2.14/100G,Woolworths Chicken Korma With Rice Chilled Meal 350g,3.3,/,308,Add to cart,Save to list
$19.00,$22.35 / 1KG,D'Orsogna Honey Leg Ham 850g,5.0,/,1,Add to cart,Save to list
SAVE $1.50,$6.00,$7.50 - $60.00 / 1KG,Jacquin Chevre Plain 100g,Add to cart,Save to list
SAVE $3.05,$11.95,$15.00 - $40.51 / 1KG,Tasmanian Heritage 3 Cheese Selection 295g,Promoted,Add to cart,Save to list
SAVE $1.00,$7.50,$8.50 - $37.50 / 1KG,Mt Barker Free Range Roasted Shredded Chicken 200g,Promoted,Add to cart,Save to list
SAVE $0.50,$4.50,$5.00 - $2.25 / 100G,Nuffin Fetta & Cracked Pepper Dip 200g,Promoted,Add to cart,Save to list
SAVE $1.00,$9.00,$10.00 - $112.50 / 1KG,Miguel Maestre Free Range Chorizo Pepperoni 80g,Add to cart,Save to list
SAVE $1.50,$4.00,$5.50 - $1.82 / 100G,Obela Hommus Korean Style Chilli With Black Sesame 220g,Add to cart,Save to list
$8.00,$2.67 / 100G,Rana Pecorino Romano & Black Pepper Tortellini 300g,Add to cart,Save to list
LOWER AUTUMN PRICE,$4.00,$30.77 / 1KG,RANGE WAS $4.50 - 25/02/2025,Woolworths Marinated Feta Cubes 130g,4.3,/,215,Add to cart,Save to list
$11.00,$22.00 / 1KG,Made With Plants Cheddar Block Dairy Free 500g,Add to cart,Save to list
$9.90,$42.13 / 1KG,Mersey Valley Peppercorn Medley Cheddar Cheese Block 235g,Add to cart,Save to list
SAVE $1.00,$7.50,$8.50 - $34.09 / 1KG,Mt Barker Free Range Roasted Carved Chicken Breast 220g,Promoted,Add to cart,Save to list
SAVE $1.85,$5.65,$7.50 - $45.20 / 1KG,Tasmanian Heritage Triple Cream Oval Brie Cheese 125G,Promoted,Add to cart,Save to list
SAVE $2.50,$6.20,$8.70 - $34.44 / 1KG,Mersey Valley Classic Cheddar Cheese Block 180g,Promoted,Add to cart,Save to list
SAVE $1.00,$7.50,$8.50 - $34.09 / 1KG,Mt Barker Free Range Peri Peri Diced Chicken Breast 220g,Promoted,Add to cart,Save to list
$29.50,$29.50 / 1KG,Moira Mac's Roasted Shredded Chicken Breast Per Kg,Add to cart,Save to list
SAVE $0.80,$4.00,$4.80 - $2.11 / 100G,Red Rock Deli Classics Sour Cream & Chives 190g,Add to cart,Save to list
$3.50,$3.50 / 100G,Simply Delish High Protein Hommus & Roasted Almond 100g,Add to cart,Save to list
$12.38,$27.50 / 1KG,ITEM PRICE BASED ON MAX WEIGHT,Woolworths Smoked Chicken Breast Fillet 300g - 450g,Add to cart,Save to list
$24.50,$24.50 / 1KG,ITEM PRICE BASED ON MAX WEIGHT,Bertocchi Authentic Leg Ham Boneless 500g - 1kg,Add to cart,Save to list
SAVE $1.00,$8.95,$9.95 - $2.56 / 100G,Fast Fuel Meals South Fried Chicken 350g,5.0,/,1,Add to cart,Save to list
SAVE $0.80,$3.95,$4.75 - $7.90 / 1KG,Frankfurts 500g,Add to cart,Save to list
$6.20,$41.33 / 1KG,Homestead by Tasmanian Pate Chicken Pate With Cracked Pepper 150g,Add to cart,Save to list
$7.50,$93.75 / 1KG,2 FOR $12.00 - $75.00/1KG,MonDeli Premium Australian Prosciutto 80g,Add to cart,Save to list
EVERYDAY LOW PRICE,$3.25,$1.63 / 100G,Tiffany's Kitchen Caramelised Onion Hommus 200g,Add to cart,Save to list
$5.95,$19.83 / 1KG,Veef Plant Based Smokey Sausages 300g,Add to cart,Save to list
$8.00,$2.29 / 100G,2 FOR $15.00 - $2.14/100G,Woolworths Beef & Black Bean With Basmati Rice 350g,3.2,/,229,Add to cart,Save to list
$8.00,$2.29 / 100G,2 FOR $15.00 - $2.14/100G,Woolworths Calorie Controlled Butter Chicken With Rice 350g,3.5,/,492,Add to cart,Save to list
$13.00,$3.25 / 100G,Woolworths New York Pepper Steak Chilled Meal 400g,3.6,/,118,Add to cart,Save to list
$7.20,$36.00 / 1KG,Roast Beef Sliced 200g,Add to cart,Save to list
$3.50,$3.50 / 100G,Simply Delish High Protein Spinach & Chives Dip 100g,1.0,/,1,Add to cart,Save to list
SAVE $2.00,$7.00,$9.00 - $4.12 / 100G,Chris' Heritage Camembert Cherry & Walnut Dip 170g,Add to cart,Save to list
SAVE $1.00,$9.00,$10.00 - $90.00 / 1KG,Miguel Maestre Free Range Mild Chorizo Sliced Salami 100g,Add to cart,Save to list
$8.00,$53.33 / 1KG,Castello Blue Cheese Creamy 150g,Promoted,Add to cart,Save to list
SAVE $3.05,$11.95,$15.00 - $40.51 / 1KG,Tasmanian Heritage 3 Cheese Selection 295g,Add to cart,Save to list
LOWER AUTUMN PRICE,$6.50,$46.43 / 1KG,RANGE WAS $8.15 - 25/02/2025,Tasmanian Heritage Vintage Club Cheddar Cheese 140g,Add to cart,Save to list
$8.00,$2.29 / 100G,2 FOR $15.00 - $2.14/100G,Woolworths Chicken Casserole With Mash 350g,3.4,/,250,Add to cart,Save to list
$20.00,$1.67 / 100G,Chicken Tomato & Pesto Pasta Bake Family Meal 1.2kg,Add to cart,Save to list
SAVE $1.00,$4.50,$5.50 - $56.25 / 1KG,Don Easy Entertaining Chorizo Salami 80g,Add to cart,Save to list
SAVE $1.00,$8.95,$9.95 - $2.56 / 100G,Fast Fuel Meals South Fried Chicken 350g,5.0,/,1,Add to cart,Save to list
$6.20,$41.33 / 1KG,Homestead by Tasmanian Pate Salmon Pate With Lemon Pepper Jelly 150g,Add to cart,Save to list
$12.00,$60.00 / 1KG,Maggie Beer Truffle Triple Cream Brie 200g,Add to cart,Save to list
SAVE $1.50,$4.00,$5.50 - $1.82 / 100G,Obela Hommus Sticky Balsamic & Tomato 220g,Add to cart,Save to list
$9.50,$63.33 / 1KG,Snowdonia Cheese Co Black Bomber Cheddar 150G,Add to cart,Save to list
$8.00,$2.29 / 100G,2 FOR $15.00 - $2.14/100G,Woolworths Cottage Pie With Sweet Potato Mash 350g,3.7,/,329,Add to cart,Save to list
$6.50,$32.50 / 1KG,South Cape Sweet Chilli Cream Cheese 200g,Add to cart,Save to list
SAVE $8.00,$29.00,$37.00 - $29.00 / 1KG,D'Orsogna Premium Australian Ham Off The Bone Per Kg,Add to cart,Save to list
SAVE $2.20,$8.75,$10.95 - $51.47 / 1KG,King Island Dairy Surprise Bay Cheddar Cheese 170g,Add to cart,Save to list
NEW,$11.00,$61.11 / 1KG,Maggie Beer Classic Camembert 180g,Add to cart,Save to list
$6.30,$6.30 / 100G,Maggie Beer Fig & Walnut Fruit Paste 100g,Add to cart,Save to list
$6.00,$46.15 / 1KG,Primo Reserve Tomato & Herb Chicken Schnitzel 130g,Add to cart,Save to list
$8.50,$2.58 / 100G,Woolworths Beef Sausage Rolls 6 Pack,Add to cart,Save to list
SAVE $1.00,$3.50,$4.50 - $2.80 / 100G,Obela Hi Protein Hommus To Go 125g,Promoted,Add to cart,Save to list
$6.80,$1.24 / 100G,Dari's Classic Vegetable Soup 550g,Promoted,Add to cart,Save to list
$6.80,$1.24 / 100G,Dari's Chunky Minestrone Soup 550g,1.0,/,1, Promoted,Add to cart,Save to list
SAVE $1.50,$7.00,$8.50 - $35.00 / 1KG,Castello Mature Cheddar Cheese 200g,Add to cart,Save to list
$4.50,$2.25 / 100G,2 FOR $7.00 - $1.75/100G,Chris' Homestyle Spicy Mediterranean Dip 200g,Add to cart,Save to list
$7.20,$48.00 / 1KG,Maggie Beer Cracked Peppercorn Cheddar Cheese Block 150g,Add to cart,Save to list
EVERYDAY LOW PRICE,$3.25,$1.63 / 100G,Tiffany's Kitchen Dukkah Hommus 200g,Add to cart,Save to list
$6.30,$6.30 / 100G,Maggie Beer Quince Paste with Syrup Cherry & Dark Chocolate Topping 100g,Add to cart,Save to list
$20.00,$1.67 / 100G,Meat Lovers Pasta Bake Family Meal 1.2kg,Add to cart,Save to list
$14.50,$48.33 / 1KG,Castello Soft Mild Blue Cheese 300g,Promoted,Add to cart,Save to list
SAVE $1.00,$3.50,$4.50 - $2.80 / 100G,Obela Hi-Protein To Go Jalapeno Hommus 125g,Promoted,Add to cart,Save to list
$6.80,$1.24 / 100G,Dari's Pea & Ham Soup 550g,Promoted,Add to cart,Save to list
$8.00,$53.33 / 1KG,Castello Mild Blue Cheese 150g,Promoted,Add to cart,Save to list
SAVE $1.75,$7.25,$9.00 - $29.00 / 1KG,Premium Australian Ham Off The Bone Shaved 250g,Add to cart,Save to list
EVERYDAY LOW PRICE,$12.50,$1.04 / 100G,Ready Chef Italian Chicken Bake Family Size 1.2kg,Add to cart,Save to list
$18.00,$2.25 / 100G,Woolworths Beef Casserole Chilled Meal 800g,3.8,/,363,Add to cart,Save to list
$12.00,$60.00 / 1KG,Australian Prosciutto Sliced 200g,Add to cart,Save to list
$8.80,$58.67 / 1KG,Somerdale Truffelino Cheddar 150g,Add to cart,Save to list
$8.00,$22.22 / 1KG,Wildly Good Original Veggie Burgers 360g,Add to cart,Save to list
$7.30,$40.56 / 1KG,Yarra Valley Persian Fetta 180g,Add to cart,Save to list
$6.00,$66.67 / 1KG,Barossa Fine Foods Pancetta 90g,Add to cart,Save to list
$5.25,$21.00 / 1KG,Chicken Breast Supreme Thinly Sliced 250g,Add to cart,Save to list
SAVE $2.00,$24.00,$26.00 - $24.00 / 1KG,D'Orsogna Triple Smoked Leg Ham 97% Fat Free Sliced From The Deli Per Kg,Add to cart,Save to list
EVERYDAY LOW PRICE,$9.00,$2.57 / 100G,Easy Eats Chicken Burrito Bowl 350g,Add to cart,Save to list
SAVE $1.00,$5.00,$6.00 - $1.00 / 100G,I Pastai Fresh Pasta Potato Gnocchi 500g,Add to cart,Save to list
$6.50,$39.39 / 1KG,Kenilworth Dairies Vintage Cheddar 165G,5.0,/,1,Add to cart,Save to list
$6.60,$33.00 / 1KG,Beef Pastrami Sliced 200g,Add to cart,Save to list
$35.00,$35.00 / 1KG,Bertocchi Premium Boneless Leg Ham Sliced PER KG,Add to cart,Save to list
$19.50,$19.50 / 1KG,Deli Leg Ham Sliced From The Deli Per Kg,Add to cart,Save to list
$7.20,$48.00 / 1KG,Maggie Beer Caramelised Onion Club Cheddar Aged 12+ Months 150g,Add to cart,Save to list
$7.20,$48.00 / 1KG,Maggie Beer Caramelised Onion Club Cheddar Aged 12+ Months 150g,Add to cart,Save to list
$6.30,$6.30 / 100G,Maggie Beer Fig & Gin Fruit Paste 100g,Add to cart,Save to list
$25.00,$1.56 / 100G,Mexican Chicken Fajita Tray Bake Family Meal 1.6kg,3.8,/,17,Add to cart,Save to list
$8.90,$44.50 / 1KG,Primo Reserve Danish Salami 200g,Add to cart,Save to list
$11.50,$76.67 / 1KG,Tidbit Foods Vintage Manchego 12 Months 150g,Add to cart,Save to list
SAVE $3.00,$13.50,$16.50 - $13.50 / 1KG,Bertocchi Mortadella Green Olives Sliced From The Deli per KG,Add to cart,Save to list
$5.85,$19.50 / 1KG,Deli Leg Ham Sliced 300g,Add to cart,Save to list
$5.40,$36.00 / 1KG,Hot & Spicy Salami Sliced 150g,Add to cart,Save to list
$7.30,$66.36 / 1KG,Maggie Beer Duck & Green Peppercorn Pate 110g,Add to cart,Save to list
$9.00,$60.00 / 1KG,Maggie Beer Fruit Paste Pairing Collection 50g x 3 Pack,Add to cart,Save to list
$9.90,$42.13 / 1KG,Mersey Valley Salt & Vinegar Cheddar Cheese Block 235g,4.0,/,1,Add to cart,Save to list
$7.50,$93.75 / 1KG,2 FOR $12.00 - $75.00/1KG,MonDeli Italian Style Mild Salami 80g,Add to cart,Save to list
EVERYDAY LOW PRICE,$12.50,$1.04 / 100G,Ready Chef Penne Bolognese Bake Family Size 1.2kg,Add to cart,Save to list
EVERYDAY LOW PRICE,$3.25,$1.63 / 100G,Tiffany's Kitchen Sriracha Hommus Dip 200g,Add to cart,Save to list
$6.20,$51.67 / 1KG,Yarra Valley Cheese Salted Honey Cow 120g,Add to cart,Save to list
$3.00,$10.00 / 1KG,Devon Sliced 300g,1.0,/,1,Add to cart,Save to list
$14.50,$51.79 / 1KG,Paris Creek Farms Triple Cream Brie 280g,Add to cart,Save to list
$6.30,$42.00 / 1KG,Sopressa Salami Hot Sliced 150g,Add to cart,Save to list
SAVE $2.00,$27.00,$29.00 - $27.00 / 1KG,Woolworths Turkey Oven Roasted Sliced PER KG,Add to cart,Save to list
$8.00,$32.00 / 1KG,Jarrah Honey Ham Off The Bone Sliced 250g,Add to cart,Save to list
$5.50,$33.33 / 1KG,Kenilworth Dairies Lime & Cracked Pepper Club Cheddar 165g,Add to cart,Save to list
$5.50,$2.75 / 100G,Pilpel Harissa Hummous 200g,Add to cart,Save to list
$5.40,$27.00 / 1KG,Silverside Sliced 200g,Add to cart,Save to list
SAVE $0.60,$7.20,$7.80 - $24.00 / 1KG,Triple Smoked Leg Ham Sliced 300g,Add to cart,Save to list
SAVE $3.05,$11.95,$15.00 - $40.51 / 1KG,Tasmanian Heritage 3 Cheese Selection 295g,Promoted,Add to cart,Save to list
SAVE $1.00,$7.50,$8.50 - $37.50 / 1KG,Mt Barker Free Range Roasted Shredded Chicken 200g,Promoted,Add to cart,Save to list
SAVE $0.50,$4.50,$5.00 - $2.25 / 100G,Nuffin Fetta & Cracked Pepper Dip 200g,Promoted,Add to cart,Save to list
$39.00,$39.00 / 1KG,Woolworths Rare Roast Beef Sliced Per Kg,Add to cart,Save to list
$35.00,$35.00 / 1KG,Bertocchi Premium Boneless Leg Ham Shaved PER KG,Add to cart,Save to list
LOWER AUTUMN PRICE,$6.30,$21.00 / 1KG,RANGE WAS $7.05 - 25/02/2025,Champagne Ham Sliced 300g,Add to cart,Save to list
LOWER AUTUMN PRICE,$21.00,$21.00 / 1KG,RANGE WAS $23.50KG - 25/02/2025,Champagne Sliced Leg Ham From The Deli Per Kg,Add to cart,Save to list
SAVE $1.00,$8.50,$9.50 - $36.96 / 1KG,Frico Mild Edam Cheese Wedge 230g,Add to cart,Save to list
EVERYDAY LOW PRICE,$3.25,$1.63 / 100G,Tiffany's Kitchen Chipotle Hommus Dip 200g,Add to cart,Save to list
SAVE $1.00,$7.50,$8.50 - $34.09 / 1KG,Mt Barker Free Range Roasted Carved Chicken Breast 220g,Promoted,Add to cart,Save to list
SAVE $1.85,$5.65,$7.50 - $45.20 / 1KG,Tasmanian Heritage Triple Cream Oval Brie Cheese 125G,Promoted,Add to cart,Save to list
SAVE $2.50,$6.20,$8.70 - $34.44 / 1KG,Mersey Valley Classic Cheddar Cheese Block 180g,Promoted,Add to cart,Save to list
SAVE $1.00,$7.50,$8.50 - $34.09 / 1KG,Mt Barker Free Range Peri Peri Diced Chicken Breast 220g,Promoted,Add to cart,Save to list
$8.00,$2.29 / 100G,2 FOR $15.00 - $2.14/100G,Woolworths Thai Satay Chicken With Rice Chilled Meal 350g,3.1,/,325,Add to cart,Save to list
SAVE $5.00,$45.00,$50.00 - $45.00 / 1KG,Puopolo Artisan Salumi Mild Fennel Salami Shaved From The Deli Per kg,Add to cart,Save to list
SAVE $1.60,$7.60,$9.20 - $19.00 / 1KG,Shortcut Bacon 400g,Add to cart,Save to list
$6.30,$42.00 / 1KG,Sopressa Salami Mild Sliced 150g,Add to cart,Save to list
$32.90,$32.90 / 1KG,Woolworths Smoked Beef Pastrami Per Kg,Add to cart,Save to list
$39.98,$39.98 / 1KG,Woolworths Sweet Baby Peppers With Cream Cheese 1kg,Add to cart,Save to list
$6.30,$42.00 / 1KG,Chorizo Salami Sliced 150g,Add to cart,Save to list
$36.00,$36.00 / 1KG,KRC Hungarian Hot Salami Shaved From The Deli Per Kg,Add to cart,Save to list
$25.00,$25.00 / 1KG,Woolworths 97% Fat Free Semi Dried Tomato 1kg,Add to cart,Save to list
$7.30,$40.56 / 1KG,Yarra Valley Persian Fetta Dill & Chives 180g,Add to cart,Save to list
$6.00,$50.00 / 1KG,Barossa Fine Foods Gypsy Ham 120g,Add to cart,Save to list
OUT OF STOCK,Latina Fresh Ricotta & Spinach Agnolotti Pasta 625g,View similar,products,             to Latina Fresh Ricotta & Spinach Agnolotti Pasta 625g,Save to list
$7.50,$93.75 / 1KG,2 FOR $12.00 - $75.00/1KG,MonDeli Italian Style Hot Salami 80g,Add to cart,Save to list
$5.50,$2.75 / 100G,Pilpel Pine Nut Hummous 200g,Add to cart,Save to list
OUT OF STOCK,Primo Double Smoked Leg Ham 800g,View similar,products,             to Primo Double Smoked Leg Ham 800g,Save to list
$6.20,$31.00 / 1KG,Tasty Sticks Mild 200g,Add to cart,Save to list
$6.00,$40.00 / 1KG,Thomas Dux Spanish Iberico Cheese 150g,4.5,/,56,Add to cart,Save to list
$8.00,$53.33 / 1KG,Castello Double Cream Pink Pepper 150g,Add to cart,Save to list
$6.80,$1.24 / 100G,Dari's Chicken Noodle Soup 550g,Promoted,Add to cart,Save to list
SAVE $8.00,$29.00,$37.00 - $29.00 / 1KG,D'Orsogna Premium Ham Off The Bone Sliced From The Deli Per Kg,Add to cart,Save to list
SAVE $0.70,$4.85,$5.55 - $32.33 / 1KG,Danish Salami Sliced 150g,Add to cart,Save to list
$9.30,$24.80 / 1KG,Hans Kookwurst 375g,Add to cart,Save to list
SAVE $1.75,$7.25,$9.00 - $29.00 / 1KG,Premium Australian Ham Off The Bone Sliced 250g,Add to cart,Save to list
EVERYDAY LOW PRICE,$5.50,$44.00 / 1KG,Unicorn Classic Triple Cream Cheese 125g,Add to cart,Save to list
SAVE $5.00,$45.00,$50.00 - $45.00 / 1KG,Puopolo Artisan Salumi Sopressata Hot Salami Shaved From The Deli Per kg,Add to cart,Save to list
$20.00,$47.62 / 1KG,Tasmanian Heritage 4 Cheese Selection 420g,Promoted,Add to cart,Save to list
SAVE $2.50,$6.20,$8.70 - $34.44 / 1KG,Mersey Valley Original Vintage Cheddar Cheese Block 180g,Promoted,Add to cart,Save to list
$4.30,$2.15 / 100G,SSS Foods White Bean Garlic & Basil Dip 200g,Promoted,Add to cart,Save to list
SAVE $1.85,$5.65,$7.50 - $45.20 / 1KG,Tasmanian Heritage Oval Camembert Cheese 125g,Promoted,Add to cart,Save to list
LOWER AUTUMN PRICE,$6.00,$30.00 / 1KG,WAS $6.80 - 25/02/2025,Swiss Style Cheese Sliced 200g,Add to cart,Save to list
SAVE $0.80,$3.95,$4.75 - $7.90 / 1KG,Cocktail Franks 500g,Add to cart,Save to list
$8.00,$20.00 / 1KG,Gotzinger Tex Mex Brat 400g,Add to cart,Save to list
$36.00,$36.00 / 1KG,K R Castlemaine Mild Hungarian Salami Sliced PER KG,Add to cart,Save to list
$36.00,$36.00 / 1KG,KRC Hungarian Mild Salami Shaved From The Deli Per Kg,Add to cart,Save to list
$20.00,$1.54 / 100G,Woolworths Angus Beef & Pork Meatball Rigatoni Chilled Meal 1.3kg,4.4,/,22,Add to cart,Save to list
$8.50,$56.67 / 1KG,Belton Farm Red Fox Vintage Red Leicester 150g,Add to cart,Save to list
$16.00,$16.00 / 1KG,Chicken Roll Shaved PER KG,Add to cart,Save to list
$20.00,From the Deli Platter For Two Each,Add to cart,Save to list
SAVE $1.00,$9.00,$10.00 - $112.50 / 1KG,Miguel Maestre Spanish Jamon Serrano Reserva 80g,Add to cart,Save to list
EST. RESTOCK 06/04/25,V2 Plant Protein Pieces Easy Cook Beef Style 200g,Add to cart,Save to list
SAVE $3.00,$13.50,$16.50 - $13.50 / 1KG,Woolworths Pork Mortadella Plain PER KG,Add to cart,Save to list
$8.50,$56.67 / 1KG,Castello Red Rind 150g,Add to cart,Save to list
OUT OF STOCK,Hans Knackwurst 500g,Add to cart,Save to list
$21.00,$21.00 / 1KG,Ingham's Chicken Breast Supreme Shaved PER KG,Add to cart,Save to list
SAVE $5.00,$45.00,$50.00 - $45.00 / 1KG,Puopolo Artisan Salumi Finocchiona Mild Fennel Salami From The Deli Per kg,Add to cart,Save to list
$32.90,$32.90 / 1KG,Select Beef Pastrami Smoked & Shaved 1KG,Add to cart,Save to list
$24.40,$28.71 / 1KG,Three Aussie Farmers Glaze & Bake Ham 850g,Add to cart,Save to list
SAVE $1.50,$7.00,$8.50 - $35.00 / 1KG,Castello Mature Cheddar Cheese 200g,Promoted,Add to cart,Save to list
$50.00,$50.00 / 1KG,Puopolo Artisan Salumi Mild Salami Sliced From The Deli Per kg,Add to cart,Save to list
$14.00,$70.00 / 1KG,Schultes Mettwurst Original 200g,Add to cart,Save to list
$7.50,$93.75 / 1KG,2 FOR $12.00 - $75.00/1KG,MonDeli Hungarian Style Salami 80g,Add to cart,Save to list
OUT OF STOCK,Beretta Prosciutto Di Parma 85g,View similar,products,             to Beretta Prosciutto Di Parma 85g,Save to list
OUT OF STOCK,Bertocchi Double Smoked Ham Off The Bone Freshly Sliced From The Deli Per Kg,View similar,products,             to Bertocchi Double Smoked Ham Off The Bone Freshly Sliced From The Deli Per Kg,Save to list
$21.00,$21.00 / 1KG,Chicken Breast Supreme Sliced PER KG,Add to cart,Save to list
$38.00,$38.00 / 1KG,Gotzinger Provincial Ham Shaved From The Deli Per kg,Add to cart,Save to list
$50.00,$50.00 / 1KG,Puopolo Artisan Salumi Mild Salami Shaved From The Deli Per kg,Add to cart,Save to list
IN-STORE ONLY,Sunpork TAF Shoulder Ham 3Kg - 4.8Kg,View similar,products,             to Sunpork TAF Shoulder Ham 3Kg - 4.8Kg,Save to list
$8.50,$56.67 / 1KG,Belton Farm Silver Fox Vintage Cheddar 150g,Add to cart,Save to list
OUT OF STOCK,Plantein Plant-Based Festive Roast 450g,Add to cart,Save to list
$22.00,$22.00 / 1KG,Primo Berliner Fleischwurst 1kg,Add to cart,Save to list
$14.00,$70.00 / 1KG,Schultes Mettwurst Garlic 200g,Add to cart,Save to list
$27.00,$27.00 / 1KG,Woolworths Corned Beef Shaved Per Kg,Add to cart,Save to list
IN-STORE ONLY,THIS PRODUCT IS FOR PURCHASE IN-STORE ONLY,Woolworths Country Style Hot Roast Chicken Whole each,Add to cart,Save to list
OUT OF STOCK,Bertocchi Bacon Short Rindless 500g,Add to cart,Save to list
OUT OF STOCK,Bertocchi Easy Cut Leg Ham Half 3.2kg - 3.8kg,Add to cart,Save to list
OUT OF STOCK,Bertocchi Premium Leg Ham Pure Gold 2.2kg - 2.8kg,Add to cart,Save to list
OUT OF STOCK,D'Orsogna Chorizo From The Deli Per Kg,Add to cart,Save to list
$14.50,$48.33 / 1KG,Castello Soft Mild Blue Cheese 300g,Promoted,Add to cart,Save to list
SAVE $1.00,$3.50,$4.50 - $2.80 / 100G,Obela Hi-Protein To Go Jalapeno Hommus 125g,Promoted,Add to cart,Save to list
$6.80,$1.24 / 100G,Dari's Pea & Ham Soup 550g,Promoted,Add to cart,Save to list
$8.00,$53.33 / 1KG,Castello Mild Blue Cheese 150g,Promoted,Add to cart,Save to list
OUT OF STOCK,D'Orsogna Plain Streaky Bacon From The Deli Per Kg,Add to cart,Save to list
OUT OF STOCK,D'Orsogna Shortcut Bacon From The Deli Per Kg,Add to cart,Save to list
OUT OF STOCK,D'Orsogna Tasty Sticks Mild From The Deli Per Kg,Add to cart,Save to list
OUT OF STOCK,Danish Salami Mild Shaved PER KG,Add to cart,Save to list
OUT OF STOCK,Danish Salami Mild Sliced PER KG,Add to cart,Save to list
OUT OF STOCK,Don Thin Frankfurts From The Deli Per Kg,Add to cart,Save to list
OUT OF STOCK,From the Deli Cheese Kransky Per Kg,Add to cart,Save to list
OUT OF STOCK,From the Deli Diced Bacon Fom The Deli Per Kg,Add to cart,Save to list
OUT OF STOCK,From the Deli Double Smoked Kransky Per Kg,Add to cart,Save to list
OUT OF STOCK,Hans Kabana From The Deli Per Kg,Add to cart,Save to list
OUT OF STOCK,Hans Middle Bacon Rashers From The Deli Per Kg,Add to cart,Save to list
OUT OF STOCK,Hans Strassburg PER KG,Add to cart,Save to list
OUT OF STOCK,K R Castlemaine Hungarian Salami Mild Sliced From The Deli Per Kg,View similar,products,             to K R Castlemaine Hungarian Salami Mild Sliced From The Deli Per Kg,Save to list
IN-STORE ONLY,THIS PRODUCT IS FOR PURCHASE IN-STORE ONLY,Macro Free Range Hot Roast Chicken Whole each,Add to cart,Save to list
OUT OF STOCK,Noel Smoked Spanish Jamon Serrano 12 Month Per Kg,Add to cart,Save to list
OUT OF STOCK,Riverina Full Cream Fetta 2kg,Add to cart,Save to list
OUT OF STOCK,San Remo Tortellini Cheese & Spinach 350g,Add to cart,Save to list
OUT OF STOCK,Sopressa Salami Hot Per Kg,Add to cart,Save to list
OUT OF STOCK,Sopressa Salami Mild PER KG,View similar,products,             to Sopressa Salami Mild PER KG,Save to list
OUT OF STOCK,Tasmanian Pate Turkey & Cranberry Pate 300g,Add to cart,Save to list
OUT OF STOCK,Woolworths Antipasto Assorted Platter 280g,Add to cart,Save to list
OUT OF STOCK,Woolworths Corned Beef Sliced Per Kg,Add to cart,Save to list
OUT OF STOCK,Woolworths Gold Australian Cherry Glazed Baked Brie 275g,4.3,/,41,Add to cart,Save to list
IN-STORE ONLY,THIS PRODUCT IS FOR PURCHASE IN-STORE ONLY,Woolworths Hot Crackling Roast Pork Loin Whole each,Add to cart,Save to list
IN-STORE ONLY,THIS PRODUCT IS FOR PURCHASE IN-STORE ONLY,Woolworths Hot Roast Corned Beef Whole each,Add to cart,Save to list
OUT OF STOCK,Woolworths Mixed Olive Assortment Platter 290g,Add to cart,Save to list
EVERYDAY LOW PRICE,$8.20,$2.05 / 100G,Lurpak Butter Spreadable Slightly Salted 400g,5.0,/,1, Promoted,Add to cart,Save to list
SAVE $1.00,$3.50,$4.50 - $1.40 / 100G,Philadelphia Sweet Chilli Cream Cheese Pourover Tub 250g,Promoted,Add to cart,Save to list
SAVE $0.50,$4.50,$5.00 - $2.25 / 100G,Nuffin Fetta & Cracked Pepper Dip 200g,Promoted,Add to cart,Save to list
SAVE $1.85,$5.65,$7.50 - $45.20 / 1KG,Tasmanian Heritage Triple Cream Oval Brie Cheese 125G,Promoted,Add to cart,Save to list
EVERYDAY LOW PRICE,$1.60,$1.60 / 1L,Woolworths UHT Full Cream Milk 1L,4.5,/,565,Add to cart,Save to list
EVERYDAY LOW PRICE,$4.35,$1.45 / 1L,Woolworths Full Cream Milk 3l,2.7,/,6,Add to cart,Save to list
EVERYDAY LOW PRICE,$3.00,$1.50 / 1L,Woolworths Full Cream Milk 2l,Add to cart,Save to list
LOWER AUTUMN PRICE,$2.50,$20.83 / 1KG,WAS $3 - 25/02/2025,Woolworths Baby Leaf Spinach 120g,Add to cart,Save to list
EVERYDAY LOW PRICE,$4.50,$0.75 / 100ML,Woolworths Thickened Cream 600ml,4.8,/,789,Add to cart,Save to list
$1.90,$1.90 / 1L,Woolworths Free From Lactose Full Cream Milk 1l,4.5,/,762,Add to cart,Save to list
SAVE $2.50,$6.20,$8.70 - $34.44 / 1KG,Mersey Valley Classic Cheddar Cheese Block 180g,Promoted,Add to cart,Save to list
$7.40,$1.06 / 100G,Queensland Yoghurt Co Mango Yoghurt Tub 700g,Promoted,Add to cart,Save to list
$5.50,$2.75 / 100G,Lurpak Butter Slightly Salted 50g x 4 pack,Promoted,Add to cart,Save to list
SAVE $1.85,$5.65,$7.50 - $45.20 / 1KG,Tasmanian Heritage Oval Camembert Cheese 125g,Promoted,Add to cart,Save to list
EVERYDAY LOW PRICE,$1.60,$1.60 / 1L,Woolworths UHT Skim Milk 1L,4.2,/,323,Add to cart,Save to list
EVERYDAY LOW PRICE,$3.40,$1.13 / 100ML,Woolworths Sour Cream 300ml,4.8,/,1152,Add to cart,Save to list
EVERYDAY LOW PRICE,$0.80,$1.14 / 100G,Woolworths Strawberry Yoghurt Pouch 70g,4.4,/,1357,Add to cart,Save to list
EVERYDAY LOW PRICE,$1.60,$1.60 / 1L,Woolworths UHT Lite Milk 1L,4.3,/,884,Add to cart,Save to list
EVERYDAY LOW PRICE,$0.80,$1.14 / 100G,Woolworths Vanilla Yoghurt Pouch 70g,4.4,/,1267,Add to cart,Save to list
$1.90,$1.90 / 1L,Woolworths Free From Lactose Lite Milk 1l,4.4,/,619,Add to cart,Save to list
EVERYDAY LOW PRICE,$3.00,$1.50 / 1L,Woolworths Lite Milk 2l,4.8,/,425,Add to cart,Save to list
EVERYDAY LOW PRICE,$2.80,$0.93 / 100ML,Woolworths Thickened Cream 300ml,4.9,/,507,Add to cart,Save to list
$10.00,$14.29 / 1KG,Hillview Tasty Shredded Cheese 700g,4.5,/,402,Add to cart,Save to list
$2.90,$2.90 / 1L,Sanitarium So Good Long Life Unsweetened Almond Milk 1l,Add to cart,Save to list
EVERYDAY LOW PRICE,$7.00,$1.40 / 100G,Essentials Salted Butter 500g,4.7,/,843,Add to cart,Save to list
SAVE $0.20,$2.00,$2.20 - $2.00 / 1L,Devondale 100% Pure Full Cream Milk Long Life UHT Milk 1L,5.0,/,2,Add to cart,Save to list
$7.00,$1.40 / 100G,Western Star Original Spreadable Butter Blend Tub 500g,3.0,/,1,Add to cart,Save to list
$2.20,$1.69 / 100G,5 FOR $8.00 - $1.23/100G,Farmers Union Greek Style Yogurt Pouch Real Vanilla Bean 130g,Add to cart,Save to list
$2.20,$1.69 / 100G,5 FOR $8.00 - $1.23/100G,Farmers Union Greek Style Yoghurt Pouch Strawberry 130g,Add to cart,Save to list
$8.30,$16.60 / 1KG,Woolworths Tasty Cheese Slices 500g,4.5,/,2084,Add to cart,Save to list
SAVE $1.20,$1.20,$2.40 - $0.86 / 100G,Vaalia Kids Probiotic Yoghurt Pouch Vanilla 140g,Add to cart,Save to list
$4.65,$10.94 / 1L,Rokeby Protein Smoothie Dutch Chocolate 425mL,Add to cart,Save to list
EVERYDAY LOW PRICE,$4.35,$1.45 / 1L,Woolworths Lite Milk 3l,1.0,/,1,Add to cart,Save to list
$4.30,$2.15 / 100G,SSS Foods White Bean Garlic & Basil Dip 200g,Promoted,Add to cart,Save to list
$7.40,$1.06 / 100G,Queensland Yoghurt Co Passionfruit Yoghurt 700g,Promoted,Add to cart,Save to list
$7.40,$1.06 / 100G,Queensland Yoghurt Co Raspberry Yoghurt Tub 700g,Promoted,Add to cart,Save to list
$7.40,$1.06 / 100G,Queensland Yoghurt Co Strawberry Yoghurt Tub 700g,Promoted,Add to cart,Save to list
IN-STORE ONLY,Woolworths 12 Extra Large Barn Laid Eggs 700g,4.6,/,419,Add to cart,Save to list
$4.20,$0.42 / 100G,Woolworths Natural Greek Style Yoghurt 1kg,4.6,/,1224,Add to cart,Save to list
EVERYDAY LOW PRICE,$2.20,$2.20 / 1L,Sanitarium So Good Long Life Regular Soy Milk 1l,Add to cart,Save to list
$10.50,$10.50 / 1KG,Hillview Cheese Block 1kg,4.3,/,378,Add to cart,Save to list
$3.50,$17.50 / 1KG,Woolworths Greek Style Fetta 200g,4.5,/,210,Add to cart,Save to list
EVERYDAY LOW PRICE,$0.80,$1.14 / 100G,Woolworths Yoghurt Pouch Blueberry 70g,4.3,/,4529,Add to cart,Save to list
$3.00,$2.00 / 100G,YoPRO High Protein Yoghurt Pouch No Added Sugar Vanilla 150g,4.6,/,81,Add to cart,Save to list
$1.10,$1.57 / 100G,6 FOR $5.10 - $1.21/100G,Yoplait Petit Miam Kids Yoghurt Pouch Strawberry 70g,5.0,/,1,Add to cart,Save to list
$8.30,$16.60 / 1KG,Woolworths Tasty Shredded Cheese 500g,4.6,/,593,Add to cart,Save to list
$2.20,$1.69 / 100G,5 FOR $8.00 - $1.23/100G,Farmers Union Greek Style Yoghurt Pouch Hint Of Real Mango 130g,Add to cart,Save to list
$2.40,$2.18 / 100G,5 FOR $9.50 - $1.73/100G,Tamar Valley Dairy Kids Greek Yoghurt Pouch Blueberry 110g,4.9,/,32,Add to cart,Save to list
SAVE $0.55,$3.95,$4.50 - $1.98 / 1L,Dairy Farmers Full Cream Milk 2l,4.0,/,1,Add to cart,Save to list
EVERYDAY LOW PRICE,$3.00,$6.67 / 1KG,Macro Firm Tofu 450g,4.4,/,1187,Add to cart,Save to list
$2.40,$2.18 / 100G,5 FOR $9.50 - $1.73/100G,Tamar Valley Dairy Kids Greek Yoghurt Pouch Vanilla 110g,4.7,/,31,Add to cart,Save to list
OUT OF STOCK,Woolworths 12 Extra Large Free Range Eggs 700g,2.5,/,2,View similar,products,             to Woolworths 12 Extra Large Free Range Eggs 700g,Save to list
EVERYDAY LOW PRICE,$4.50,$4.50 / 1L,Bonsoy Long Life Soy Milk 1l,Add to cart,Save to list
$8.30,$16.60 / 1KG,Woolworths Mozzarella Shredded Cheese 500g,4.7,/,929,Add to cart,Save to list
$2.00,$2.00 / 1L,Woolworths Soy Milk 1l,4.0,/,1359,Add to cart,Save to list
$5.70,$22.80 / 1KG,Philadelphia Original Cream Cheese Block 250g,Promoted,Add to cart,Save to list
$8.50,$1.70 / 100G,Coyo Dairy Free Coconut Yoghurt Probiotic Low Sugar Vanilla 500g,Promoted,Add to cart,Save to list
$6.80,$1.24 / 100G,Dari's Hearty Chicken Soup 550g,Promoted,Add to cart,Save to list
$6.80,$1.24 / 100G,Dari's Chicken Noodle Soup 550g,Promoted,Add to cart,Save to list
SAVE $1.20,$1.20,$2.40 - $0.86 / 100G,Vaalia Kids Probiotic Yoghurt Pouch Strawberry 140g,Add to cart,Save to list
$3.00,$2.00 / 100G,YoPRO High Protein Yoghurt Pouch No Added Sugar Strawberry 150g,Add to cart,Save to list
SAVE $2.50,$6.20,$8.70 - $34.44 / 1KG,Mersey Valley Original Vintage Cheddar Cheese Block 180g,Promoted,Add to cart,Save to list
$5.70,$22.80 / 1KG,Philadelphia Original Cream Cheese Spread Tub 250g,Promoted,Add to cart,Save to list
$3.60,$7.20 / 1L,Dairy Farmers Classic Chocolate Milk 500ml,Promoted,Add to cart,Save to list
$8.50,$1.70 / 100G,Coyo Dairy Free Coconut Yoghurt Low Sugar Greek Style 500g,Promoted,Add to cart,Save to list
EVERYDAY LOW PRICE,$4.50,$4.50 / 1L,Bonsoy Long Life Soy Milk 1l,Add to cart,Save to list
$2.80,$2.80 / 1L,Sanitarium So Good Oat No Added Sugar UHT Milk 1L,Add to cart,Save to list
$1.10,$1.57 / 100G,6 FOR $5.10 - $1.21/100G,Yoplait Petit Miam Kids Yoghurt Pouch Vanilla 70g,5.0,/,1,Add to cart,Save to list
$3.50,$17.50 / 1KG,Woolworths Danish Style Fetta 200g,4.6,/,3153,Add to cart,Save to list
$3.00,$2.00 / 100G,YoPRO High Protein Yoghurt Pouch No Added Sugar Mixed Berries 150g,4.6,/,35,Add to cart,Save to list
$4.50,$4.50 / 1L,Australia's Own Barista Almond 1l,Add to cart,Save to list
$2.40,$2.18 / 100G,5 FOR $9.50 - $1.73/100G,Tamar Valley Dairy Kids Greek Yoghurt Pouch Tropical 110g,4.6,/,30,Add to cart,Save to list
$7.90,$0.87 / 100G,Chobani Greek Yogurt Natural Light Plain 907g,5.0,/,2,Add to cart,Save to list
$5.50,$5.50 / 1L,MILKLAB Almond Milk Home Barista Edition 1L,Add to cart,Save to list
SAVE $0.30,$0.90,$1.20 - $1.29 / 100G,Pauls Bluey Yoghurt Pouch Vanilla 70g,Add to cart,Save to list
$8.30,$16.60 / 1KG,Woolworths Tasty Cheese Block 500g,4.6,/,923,Add to cart,Save to list
SAVE $0.85,$1.95,$2.80 - $1.39 / 100G,Chobani Fit High Protein Greek Yogurt Pouch Raspberry 140g,Add to cart,Save to list
$2.80,$1.75 / 100G,Chobani Fit High Protein Greek Yogurt Pot Vanilla 160g,Add to cart,Save to list
EVERYDAY LOW PRICE,$8.20,$2.05 / 100G,Lurpak Butter Spreadable Slightly Salted 400g,5.0,/,1,Add to cart,Save to list
$3.00,$3.00 / 1L,Pauls Zymil Lactose Free Full Cream Long Life Milk 1l,Add to cart,Save to list
$2.90,$2.90 / 1L,Sanitarium So Good Long Life Original Almond Milk 1l,Add to cart,Save to list
$11.95,$59.75 / 1KG,Tasmanian Heritage Camembert Cheese 200g,4.0,/,1, Promoted,Add to cart,Save to list
EVERYDAY LOW PRICE,$9.00,$2.25 / 100G,Lurpak Butter Block Slightly Salted 400g,Promoted,Add to cart,Save to list
SAVE $1.00,$3.50,$4.50 - $2.80 / 100G,Obela Hi Protein Hommus To Go 125g,Promoted,Add to cart,Save to list
OUT OF STOCK,Pace Farm 12 Extra Large Free Range Eggs 700g,View similar,products,             to Pace Farm 12 Extra Large Free Range Eggs 700g,Save to list
$2.40,$2.18 / 100G,5 FOR $9.50 - $1.73/100G,Tamar Valley Dairy Kids Greek Yoghurt Pouch Raspberry 110g,4.9,/,29,Add to cart,Save to list
SAVE $1.00,$3.00,$4.00 - $3.00 / 1L,Sanitarium So Good Barista Edition Oat Milk 1l,Add to cart,Save to list
$2.60,$1.73 / 100G,Dairy Farmers Thick & Creamy Mango & Passionfruit Yoghurt 150g,Add to cart,Save to list
$2.60,$1.73 / 100G,Dairy Farmers Thick & Creamy Classic Vanilla Yoghurt 150g,Add to cart,Save to list
EVERYDAY LOW PRICE,$7.70,$11.85 / 1L,Yakult Probiotic Drink 10x65ml,5.0,/,1,Add to cart,Save to list
$11.00,$22.00 / 1KG,Bega Tasty Cheese Slices 500g,5.0,/,3,Add to cart,Save to list
SAVE $0.20,$2.00,$2.20 - $2.00 / 1L,Devondale Semi Skim Milk Long Life UHT Milk 1L,Add to cart,Save to list
$5.50,$14.67 / 1L,The Man Shake Fuel High Protein Health Shake Iced Coffee 375mL,Promoted,Add to cart,Save to list
$6.00,$1.20 / 100G,Coyo Dairy Free Oat & Coconut Natural Yoghurt 500g,Promoted,Add to cart,Save to list
$9.90,$42.13 / 1KG,Mersey Valley Classic Cheddar Cheese Block 235g,Promoted,Add to cart,Save to list
$6.80,$1.24 / 100G,Dari's Lentil Soup 550g,Promoted,Add to cart,Save to list
$1.90,$2.71 / 100G,6 FOR $9.00 - $2.14/100G,Pauls Kids Bluey Chocolate Custard Pouch 70g,Add to cart,Save to list
OUT OF STOCK,Pace Farm 12 Extra Large Free Range Eggs 700g,View similar,products,             to Pace Farm 12 Extra Large Free Range Eggs 700g,Save to list
$2.40,$2.18 / 100G,5 FOR $9.50 - $1.73/100G,Tamar Valley Dairy Kids Greek Yoghurt Pouch Raspberry 110g,4.9,/,29,Add to cart,Save to list
$2.70,$1.93 / 100G,Vitasoy Greek Style Soy Yogurt Hint Of Strawberry 140g,Promoted,Add to cart,Save to list
$14.70,$15.51 / 1L,Suntory Boss Coffee Iced Latte Cans 237ml x4 Pack,Promoted,Add to cart,Save to list
SAVE $1.20,$1.20,$2.40 - $0.86 / 100G,Vaalia Kids Probiotic Yoghurt Pouch Lactose Free Vanilla 140g,Add to cart,Save to list
$5.50,$18.97 / 1KG,Woolworths Caesar Salad Kit 290g,Add to cart,Save to list
$8.00,$1.60 / 100G,Western Star Salted Butter Block 500g,Add to cart,Save to list
$6.50,$2.17 / 1L,Dairy Farmers Full Cream Milk 3l,4.0,/,1,Add to cart,Save to list
LOWER AUTUMN PRICE,$2.70,$2.70 / 1L,RANGE WAS $3 - 25/02/2025,Liddells Lactose Free Full Cream Long Life UHT Milk 1L,Add to cart,Save to list
$3.00,$3.00 / 1L,Pauls Zymil Lactose Free Low Fat Long Life Milk 1l,Add to cart,Save to list
SAVE $0.85,$1.95,$2.80 - $1.39 / 100G,Chobani Fit High Protein Greek Yogurt Pouch Tropical 140g,Add to cart,Save to list
OUT OF STOCK,Woolworths Baby Spinach & Rocket 120g,View similar,products,             to Woolworths Baby Spinach & Rocket 120g,Save to list
$7.50,$1.50 / 100G,Devondale Dairy Soft Butter Blend 500g,Add to cart,Save to list
EVERYDAY LOW PRICE,$3.00,$3.00 / 1L,Vitasoy Calci Plus Soy Milk 1l,Add to cart,Save to list
EVERYDAY LOW PRICE,$5.50,$1.38 / 100ML,Bulla Sour Cream 400ml,Add to cart,Save to list
$7.00,$43.75 / 1KG,Bega Cheese Snack Stringers Cheese 160g,5.0,/,3,Add to cart,Save to list
$2.70,$1.93 / 100G,Vitasoy Greek Style Soy Yogurt Hint Of Strawberry 140g,Promoted,Add to cart,Save to list
$14.70,$15.51 / 1L,Suntory Boss Coffee Iced Latte Cans 237ml x4 Pack,Promoted,Add to cart,Save to list
$3.00,$1.20 / 100G,Copha Oil Solid Cooking Block 250g,Promoted,Add to cart,Save to list
EVERYDAY LOW PRICE,$2.60,$1.04 / 100G,Fairy Cooking Margarine 250g,Promoted,Add to cart,Save to list
$4.20,$2.10 / 1L,Norco Full Cream Milk 2l,5.0,/,2,Add to cart,Save to list
EVERYDAY LOW PRICE,$4.80,$26.67 / 1KG,Woolworths Haloumi 180g,4.5,/,278,Add to cart,Save to list
$3.90,$3.90 / 1L,Dairy Farmers Heart Active Light Milk 1l,5.0,/,2,Add to cart,Save to list
$2.90,$1.93 / 100G,Pauls Plus Protein Chocolate Yoghurt Pouch No added Sugar 150g,Add to cart,Save to list
SAVE $1.75,$1.75,$3.50 - $1.25 / 100G,Chobani Flip Greek Yogurt Cookies & Cream Crunch 140g,Add to cart,Save to list
EVERYDAY LOW PRICE,$2.20,$2.20 / 1L,Pureharvest Organic Malt Free Soy Milk 1l,5.0,/,2,Add to cart,Save to list
$5.50,$15.71 / 1KG,Woolworths Asian Style Salad Kit 350g,Add to cart,Save to list
SAVE $0.85,$1.95,$2.80 - $1.39 / 100G,Chobani Fit High Protein Greek Yogurt Pouch Banana 140g,Add to cart,Save to list
$4.50,$36.00 / 1KG,Perfect Italiano Parmesan Cheese Grated Extra Sharp 125g,5.0,/,1,Add to cart,Save to list
SAVE $1.20,$1.20,$2.40 - $0.86 / 100G,Vaalia Kids Probiotic Yoghurt Pouch Tropical 140g,Add to cart,Save to list
$7.80,$0.78 / 100G,Tamar Valley Dairy Greek Style Yoghurt 1kg,Add to cart,Save to list
$2.80,$2.80 / 1L,Dairy Farmers Full Cream Milk 1l,Add to cart,Save to list
$3.00,$1.88 / 100G,YoPRO Danone High Protein Yoghurt No Added Sugar Salted Caramel 160g,4.4,/,75,Add to cart,Save to list
$2.20,$1.69 / 100G,5 FOR $8.00 - $1.23/100G,Farmers Union Greek Style Yoghurt Pouch Peach 130g,Add to cart,Save to list
$2.90,$1.81 / 100G,Pauls Plus Protein Dairy Snack Vanilla 160g,4.5,/,31,Add to cart,Save to list
$2.20,$1.69 / 100G,5 FOR $8.00 - $1.23/100G,Farmers Union Greek Style Yogurt Pouch Natural 130g,5.0,/,1,Add to cart,Save to list
$2.90,$1.81 / 100G,Pauls Plus Protein Dairy Snack Chocolate 160g,4.0,/,30,Add to cart,Save to list
$3.00,$2.14 / 100G,Vitasoy Oat Yoghurt Blueberry 140g,Promoted,Add to cart,Save to list
$2.70,$1.93 / 100G,Vitasoy Greek Style Soy Yogurt Hint Of Mango & Passionfruit 140g,Promoted,Add to cart,Save to list
$14.70,"$1,550.63 / 100L",Suntory Boss Coffee Iced Long Black Cans 237ml x4 Pack,Promoted,Add to cart,Save to list
$11.95,$59.75 / 1KG,Tasmanian Heritage Double Brie Cheese 200g,Promoted,Add to cart,Save to list
SAVE $1.00,$3.50,$4.50 - $1.40 / 100G,Philadelphia Sweet Chilli Cream Cheese Pourover Tub 250g,Promoted,Add to cart,Save to list
$1.10,$1.57 / 100G,6 FOR $5.10 - $1.21/100G,Yoplait Petit Miam Kids Yoghurt Pouch Banana 70g,Add to cart,Save to list
$2.00,$10.00 / 1KG,Woolworths Classic Coleslaw 200g,Add to cart,Save to list
SAVE $0.25,$2.20,$2.45 - $2.20 / 1L,Vitasoy Soy Milky Lite 1l,Add to cart,Save to list
EVERYDAY LOW PRICE,$6.50,$0.68 / 100G,Farmers Union Greek Style Yogurt Vanilla 950g,Add to cart,Save to list
OUT OF STOCK,Woolworths 6 Extra Large Free Range Eggs 350g,4.7,/,670,View similar,products,             to Woolworths 6 Extra Large Free Range Eggs 350g,Save to list
EVERYDAY LOW PRICE,$6.00,$0.67 / 100G,Woolworths High Protein Plain Yoghurt 900g,4.1,/,862,Add to cart,Save to list
SAVE $1.00,$1.90,$2.90 - $1.12 / 100G,Tamar Valley Dairy Yoghurt Mango & Cream 170g,4.8,/,14,Add to cart,Save to list
$6.50,$1.63 / 100G,Westgold Butter Salted 400g,5.0,/,1,Add to cart,Save to list
$4.10,$1.37 / 100ML,Pauls Zymil Thickened Cream Lactose Free 300ml,5.0,/,1,Add to cart,Save to list
$4.50,$36.00 / 1KG,Perfect Italiano Parmesan Cheese Shaved 125g,Add to cart,Save to list
LOWER AUTUMN PRICE,$9.50,$19.00 / 1KG,RANGE WAS $10.50 - 25/02/2025,Bega Tasty Cheese Block 500g,5.0,/,2,Add to cart,Save to list
$2.00,$2.00 / 1L,Macro Organic Soy Long Life Milk 1l,3.9,/,1005,Add to cart,Save to list
EVERYDAY LOW PRICE,$8.20,$2.05 / 100G,Lurpak Butter Spreadable Slightly Salted 400g,5.0,/,1, Promoted,Add to cart,Save to list
SAVE $1.00,$3.50,$4.50 - $1.40 / 100G,Philadelphia Sweet Chilli Cream Cheese Pourover Tub 250g,Promoted,Add to cart,Save to list
$6.80,$1.24 / 100G,Dari's Chicken Noodle Soup 550g,Promoted,Add to cart,Save to list
$8.30,$16.60 / 1KG,Woolworths Extra Tasty Cheese Slices 500g,4.6,/,2907,Add to cart,Save to list
$2.70,$1.69 / 100G,Chobani Greek Yogurt Passion Fruit 160g,5.0,/,1,Add to cart,Save to list
SAVE $0.20,$2.00,$2.20 - $2.00 / 1L,Devondale Skim Milk Long Life UHT Milk 1L,Add to cart,Save to list
$6.00,$5.00 / 1L,Devondale 100% Pure Full Cream Milk Long Life UHT Milk 200mL x 6 pack,Add to cart,Save to list
SAVE $1.00,$1.90,$2.90 - $1.12 / 100G,Tamar Valley Dairy Yoghurt Strawberry & Cream 170g,4.8,/,10,Add to cart,Save to list
$6.40,$25.60 / 1KG,Woolworths Shaved Parmesan 250g,4.6,/,923,Add to cart,Save to list
$4.30,$2.15 / 100G,SSS Foods White Bean Garlic & Basil Dip 200g,Promoted,Add to cart,Save to list
$7.40,$1.06 / 100G,Queensland Yoghurt Co Passionfruit Yoghurt 700g,Promoted,Add to cart,Save to list
$7.40,$1.06 / 100G,Queensland Yoghurt Co Raspberry Yoghurt Tub 700g,Promoted,Add to cart,Save to list
$7.40,$1.06 / 100G,Queensland Yoghurt Co Strawberry Yoghurt Tub 700g,Promoted,Add to cart,Save to list
$2.90,$11.60 / 1KG,Woolworths Spreadable Light Cream Cheese 250g,4.5,/,74,Add to cart,Save to list
$3.90,$3.90 / 1L,Zymil Lactose Free Full Cream Milk 1L,Add to cart,Save to list
EVERYDAY LOW PRICE,$2.20,$2.20 / 1L,Sanitarium So Good Long Life Lite Soy Milk 1l,Add to cart,Save to list
$2.00,$33.33 / 1KG,Woolworths Baby Rocket 60g,Add to cart,Save to list
SAVE $1.75,$1.75,$3.50 - $1.25 / 100G,Chobani Flip Greek Yogurt Triple Choc Brownie 140g,Add to cart,Save to list
$7.50,$37.50 / 1KG,Perfect Italiano Parmesan Cheese Block 200g,Add to cart,Save to list
$2.80,$1.75 / 100G,Chobani Fit High Protein Greek Yogurt Pot Strawberry 160g,Add to cart,Save to list
$8.30,$0.83 / 100G,Jalna Greek Style Natural Yoghurt 1kg,4.5,/,2,Add to cart,Save to list
$1.10,$1.57 / 100G,6 FOR $5.10 - $1.21/100G,Yoplait Petit Miam Mango Pouch 70g,Add to cart,Save to list
$4.80,$21.82 / 1KG,Woolworths Cherry Bocconcini 220g,4.4,/,1285,Add to cart,Save to list
$3.00,$1.76 / 100G,Wicked Sister High Protein Banana Pudding 170g,4.5,/,2,Add to cart,Save to list
$8.30,$16.60 / 1KG,Woolworths Colby Cheese Slices 500g,4.7,/,465,Add to cart,Save to list
$3.60,$1.44 / 100ML,Devondale Long Life UHT Thickened Whipping Cream 250mL,Add to cart,Save to list
$7.50,$2.00 / 100G,Mainland Buttersoft Pure Butter Tub Salt Reduced 375g,5.0,/,1,Add to cart,Save to list
$3.00,$24.00 / 1KG,Thomas Dux Brie Cheese 125g,Add to cart,Save to list
SAVE $0.30,$0.90,$1.20 - $1.29 / 100G,Pauls Kids Yoghurt Pouch Strawberry Princess 70g,Add to cart,Save to list
$3.70,$1.85 / 100ML,Bulla Light Sour Cream 200ml,Add to cart,Save to list
$3.00,$2.00 / 100G,YoPRO High Protein Yoghurt Pouch No Added Sugar Salted Caramel 150g,4.4,/,77,Add to cart,Save to list
SAVE $2.50,$6.20,$8.70 - $34.44 / 1KG,Mersey Valley Original Vintage Cheddar Cheese Block 180g,Promoted,Add to cart,Save to list
SAVE $1.50,$6.00,$7.50 - $24.00 / 1KG,Bega Tasty Cheese Slices 250g,Add to cart,Save to list
$3.85,$2.75 / 100G,Gippsland Dairy Choc Fudge Honeycomb Yoghurt 140g,Add to cart,Save to list
LOWER AUTUMN PRICE,$4.50,$2.25 / 1L,WAS $4.85 - 31/03/2025,Pauls Smarter White Low Fat Milk 2L,Add to cart,Save to list
EVERYDAY LOW PRICE,$2.20,$1.22 / 100G,Willow Farm Snacking Hommus Dip 3 Pack,Add to cart,Save to list
$8.00,$0.40 / 100G,Woolworths Greek Style Yoghurt 2kg,4.8,/,792,Add to cart,Save to list
$1.90,$2.71 / 100G,6 FOR $9.00 - $2.14/100G,Pauls Kids Bluey Strawberry Custard Pouch 70g,Add to cart,Save to list
$2.80,$2.80 / 1L,So Good Extra Creamy Long Life Oat Milk 1L,Add to cart,Save to list
EVERYDAY LOW PRICE,$2.30,$1.44 / 100G,Pauls Plus Protein Chocolate Yoghurt 160g,Add to cart,Save to list
$3.00,$1.88 / 100G,YoPRO Danone High Protein Yoghurt No Added Sugar Banana 160g,4.4,/,52,Add to cart,Save to list
$5.90,$39.33 / 1KG,Woolworths Chicken Caesar Salad Bowl 180g,Add to cart,Save to list
EST. RESTOCK 06/04/25,Sunny Queen 18 Large Free Range Eggs 900g,5.0,/,1,Add to cart,Save to list
$10.00,$14.29 / 1KG,Hillview Mozzarella Shredded Cheese 700g,4.5,/,35,Add to cart,Save to list
LOWER AUTUMN PRICE,$9.50,$19.00 / 1KG,RANGE WAS $10.50 - 25/02/2025,Bega Tasty Grated Cheese 500g,Add to cart,Save to list
SAVE $2.50,$6.20,$8.70 - $34.44 / 1KG,Mersey Valley Original Vintage Cheddar Cheese Block 180g,Promoted,Add to cart,Save to list
$2.60,$1.30 / 100G,Willow Farm Dip Hommus 200g,5.0,/,1,Add to cart,Save to list
$6.25,$62.50 / 1KG,Babybel Mini Cheese Portions 100g,Add to cart,Save to list
$6.00,$1.60 / 100G,Latina Fresh Lasagne Sheets Sheets 375g,Add to cart,Save to list
$5.70,$22.80 / 1KG,Philadelphia Original Cream Cheese Spread Tub 250g,Add to cart,Save to list
SAVE $2.50,$4.00,$6.50 - $1.48 / 100G,La Famiglia Garlic Bread Slices 270g,Add to cart,Save to list
$6.80,$1.24 / 100G,Dari's Classic Vegetable Soup 550g,Promoted,Add to cart,Save to list
SAVE $1.50,$7.00,$8.50 - $35.00 / 1KG,Castello Creamy Havarti 200g,5.0,/,1, Promoted,Add to cart,Save to list
$6.80,$1.24 / 100G,Dari's Chunky Minestrone Soup 550g,1.0,/,1, Promoted,Add to cart,Save to list
$8.00,$53.33 / 1KG,Castello Brie Double Cream 150g,Promoted,Add to cart,Save to list
SAVE $0.55,$3.95,$4.50 - $1.98 / 1L,Dairy Farmers Light Milk 2l,Add to cart,Save to list
$3.90,$3.90 / 1L,A2 Milk Full Cream Milk 1l,4.0,/,1,Add to cart,Save to list
$4.50,$2.25 / 100G,Yumi's Traditional Middle Eastern Hommus Dip 200g,Add to cart,Save to list
SAVE $0.90,$2.80,$3.70 - $1.60 / 100G,YoPRO Perform 20g Protein Mango Passionfruit Yoghurt Pouch 175g,Add to cart,Save to list
$3.70,$2.11 / 100G,YoPRO Perform High Protein Yoghurt No Added Sugar Mixed Berries 175g,4.6,/,32,Add to cart,Save to list
EVERYDAY LOW PRICE,$4.40,$36.67 / 1KG,Woolworths Tasty Cheese & Crackers 120g,4.4,/,1192,Add to cart,Save to list
LOWER AUTUMN PRICE,$9.50,$19.00 / 1KG,RANGE WAS $10.50 - 25/02/2025,Bega Cheese Block Strong & Bitey Vintage 500g,5.0,/,1,Add to cart,Save to list
EVERYDAY LOW PRICE,$8.00,$0.67 / 100G,Yoplait Classics Yoghurt 12x100g,5.0,/,1,Add to cart,Save to list
$3.50,$1.17 / 100ML,Bulla Thickened Cream 300ml,Add to cart,Save to list
$2.60,$1.73 / 100G,Dairy Farmers Thick & Creamy Yellow Box Honey Yoghurt 150g,Add to cart,Save to list
$11.00,$22.00 / 1KG,Bega Cheese Slices Strong & Bitey Vintage 500g,5.0,/,2,Add to cart,Save to list
$6.00,$1.00 / 100ML,Bulla Thickened Cream 600ml,Add to cart,Save to list
$2.85,$2.85 / 1L,Vitasoy So Milky Soy Milk 1l,Add to cart,Save to list
$2.80,$1.75 / 100G,Chobani Fit High Protein Greek Yogurt Pot Passionfruit 160g,Add to cart,Save to list
LOWER AUTUMN PRICE,$6.40,$3.20 / 1L,WAS $6.80 - 31/03/2025,Zymil Lactose Free Full Cream Milk 2L,5.0,/,1,Add to cart,Save to list
EVERYDAY LOW PRICE,$3.80,$0.76 / 100G,Woolworths Spread Olive Oil 500g,4.1,/,1645,Add to cart,Save to list
$3.85,$2.75 / 100G,Gippsland Dairy Cookies & Cream Yoghurt 140g,Add to cart,Save to list
$3.90,$3.90 / 1L,Zymil Lactose Free Low Fat Milk 1L,Add to cart,Save to list
$11.95,$59.75 / 1KG,Tasmanian Heritage Camembert Cheese 200g,4.0,/,1, Promoted,Add to cart,Save to list
EVERYDAY LOW PRICE,$9.00,$2.25 / 100G,Lurpak Butter Block Slightly Salted 400g,Promoted,Add to cart,Save to list
$5.50,$14.67 / 1L,The Man Shake Fuel High Protein Health Shake Iced Coffee 375mL,Promoted,Add to cart,Save to list
$6.00,$1.20 / 100G,Coyo Dairy Free Oat & Coconut Natural Yoghurt 500g,Promoted,Add to cart,Save to list
EVERYDAY LOW PRICE,$9.90,$9.90 / 1KG,White Label Extra Tasty Cheese Block 1kg,Add to cart,Save to list
$3.30,$3.30 / 1L,Vitasoy Rice Milk 1l,Add to cart,Save to list
$3.30,$11.00 / 1KG,Just Veg. Carrot Shred 300g,Add to cart,Save to list
$3.00,$24.00 / 1KG,Thomas Dux Camembert Cheese 125g,4.0,/,2,Add to cart,Save to list
$1.55,$1.55 / 1L,Woolworths Skim Milk 1l,1.3,/,3,Add to cart,Save to list
EST. RESTOCK 07/04/25,Yoplait Forme Zero No Added Sugar Yoghurt French Vanilla 1Kg,View similar,products,             to Yoplait Forme Zero No Added Sugar Yoghurt French Vanilla 1Kg,Save to list
SAVE $0.30,$3.00,$3.30 - $10.00 / 1KG,Just Veg. Carrot Sticks 300g,Add to cart,Save to list
$2.20,$1.69 / 100G,5 FOR $8.00 - $1.23/100G,Farmers Union Greek Style Kids Yoghurt Pouch Strawberry No Added Sugar 130g,Add to cart,Save to list
$6.25,$2.08 / 1L,Norco Full Cream Milk 3l,Add to cart,Save to list
$7.00,$0.88 / 100G,Woolworths Creamy Pasta Salad 800g,4.5,/,883,Add to cart,Save to list
$3.70,$1.48 / 100G,Dairy Farmers Sour Cream 250g,Add to cart,Save to list
$2.70,$0.54 / 100G,Essentials Table Spread Soft And Spreadable 500g,4.1,/,1020,Add to cart,Save to list
$5.50,$14.67 / 1L,The Man Shake Fuel High Protein Health Shake Iced Coffee 375mL,Promoted,Add to cart,Save to list
$3.00,$1.20 / 100G,Copha Oil Solid Cooking Block 250g,Promoted,Add to cart,Save to list
EVERYDAY LOW PRICE,$2.60,$1.04 / 100G,Fairy Cooking Margarine 250g,Promoted,Add to cart,Save to list
$2.70,$0.54 / 100G,Essentials Table Spread Soft And Spreadable 500g,4.1,/,1020,Add to cart,Save to list
SAVE $1.10,$7.90,$9.00 - $0.79 / 100G,Nuttelex Buttery 1kg,5.0,/,1,Add to cart,Save to list
SAVE $0.50,$4.70,$5.20 - $0.94 / 100G,Nuttelex Buttery Table Spread 500g,Add to cart,Save to list
$2.70,$1.93 / 100G,Chobani Vanilla Greek Yogurt Pouch 140g,Add to cart,Save to list
LOWER AUTUMN PRICE,$2.70,$2.70 / 1L,RANGE WAS $3 - 25/02/2025,Liddells Lactose Free Low Fat Long Life Uht Milk 1L,Add to cart,Save to list
$4.50,$2.25 / 100G,2 FOR $7.00 - $1.75/100G,Chris' Dips Corn Relish 200g,5.0,/,1,Add to cart,Save to list
$14.70,$15.51 / 1L,Suntory Boss Coffee Iced Vanilla Latte Cans 237ml x4 Pack,Promoted,Add to cart,Save to list
$14.50,$48.33 / 1KG,Castello Soft Mild Blue Cheese 300g,Promoted,Add to cart,Save to list
SAVE $1.00,$3.50,$4.50 - $2.80 / 100G,Obela Hi-Protein To Go Jalapeno Hommus 125g,Promoted,Add to cart,Save to list
$8.00,$53.33 / 1KG,Castello Mild Blue Cheese 150g,Promoted,Add to cart,Save to list
$2.70,$1.93 / 100G,Chobani Raspberry Greek Yogurt Pouch 140g,Add to cart,Save to list
EVERYDAY LOW PRICE,$6.50,$0.65 / 100G,Farmers Union Light Greek Yoghurt 1kg,Add to cart,Save to list
$2.40,$2.40 / 1L,Macro Organic Oat Milk Unsweetened 1l,4.0,/,751,Add to cart,Save to list
$9.50,$21.11 / 1KG,Perfect Italiano Grated 4 Cheese Melt 450g,5.0,/,1,Add to cart,Save to list
SAVE $0.25,$2.20,$2.45 - $2.20 / 1L,Vitasoy Soy Milky Regular 1l,Add to cart,Save to list
EVERYDAY LOW PRICE,$2.50,$4.17 / 1L,Woolworths Buttermilk 600ml,4.6,/,2536,Add to cart,Save to list
EVERYDAY LOW PRICE,$3.60,$9.60 / 1KG,Woolworths Ricotta Light Cheese 375g,4.3,/,1798,Add to cart,Save to list
$5.50,$20.37 / 1KG,Woolworths Greek Salad Kit 270g,Add to cart,Save to list
$14.00,$0.70 / 100G,Jalna Greek Style Natural Yoghurt 2kg,5.0,/,2,Add to cart,Save to list
EVERYDAY LOW PRICE,$4.40,$2.93 / 1L,Farmhouse Gold Unhomogenised Milk Unhomogenised 1.5L,Add to cart,Save to list
EVERYDAY LOW PRICE,$4.50,$0.75 / 100ML,Woolworths Light Thickened Cream 600ml,4.6,/,1778,Add to cart,Save to list
SAVE $0.90,$2.80,$3.70 - $1.60 / 100G,YoPRO Perform 20g Protein Mixed Berries Yoghurt Pouch 175g,Add to cart,Save to list
$8.00,$0.80 / 100G,Yumi's Traditional Middle Eastern Hommus Dip 1kg,Add to cart,Save to list
$7.00,$1.00 / 100G,Tamar Valley Greek Style Yoghurt Vanilla Bean 700g,Add to cart,Save to list
EVERYDAY LOW PRICE,$7.50,$1.07 / 100G,YoPRO Danone High Protein Yoghurt No Added Sugar Salted Caramel 700g,4.4,/,76,Add to cart,Save to list
SAVE $0.55,$3.95,$4.50 - $1.98 / 1L,Dairy Farmers Skim Milk 2l,Add to cart,Save to list
$4.50,$90.00 / 1KG,2 FOR $6.70 - $67.00/1KG,Primo Stackers Mild Salami Cheese And Crackers 50g,Add to cart,Save to list
$7.50,$30.00 / 1KG,Liddells Lactose Free Shredded Cheese 250g,Add to cart,Save to list
$2.70,$1.93 / 100G,Vitasoy Greek Style Soy Yogurt Hint Of Strawberry 140g,Promoted,Add to cart,Save to list
$3.30,$1.22 / 100G,Woolworths Garlic Bread Slices 270g,3.7,/,1366,Add to cart,Save to list
$7.00,$1.40 / 100G,Western Star Spreadable Butter Blend Tub Supersoft 500g,Add to cart,Save to list
$3.00,$2.14 / 100G,Vitasoy Oat Yoghurt Summer Fruits 140g,Promoted,Add to cart,Save to list
SAVE $1.75,$1.75,$3.50 - $1.25 / 100G,Chobani Flip Greek Yogurt Caramel Slice 140g,Add to cart,Save to list
SAVE $1.75,$1.75,$3.50 - $1.25 / 100G,Chobani Flip Greek Yogurt Mint Choc Chip 140g,4.0,/,1,Add to cart,Save to list
$7.90,$0.87 / 100G,Chobani Greek Yogurt Natural Whole Milk 907g,Add to cart,Save to list
$3.10,$3.10 / 1L,Australia's Own Unsweetened Almond Milk 1l,Add to cart,Save to list
$2.20,$1.69 / 100G,5 FOR $8.00 - $1.23/100G,Farmers Union Greek Style Kids Yoghurt Pouch Blueberry No Added Sugar 130g,Add to cart,Save to list
EVERYDAY LOW PRICE,$4.75,$0.48 / 100G,Yoplait Strawberry Yoghurt 1kg,1.0,/,1,Add to cart,Save to list
$5.50,$10.58 / 1KG,Woolworths Crunchy Noodle Coleslaw Kit Coleslaw Kit 520g,Add to cart,Save to list
$14.80,$14.80 / 1KG,Woolworths Tasty Cheese Block 1kg,4.7,/,504,Add to cart,Save to list
$2.70,$1.69 / 100G,Chobani Greek Yogurt Raspberry 160g,Add to cart,Save to list
$6.80,$3.40 / 1L,OAK Chocolate Flavoured Milk 2L,5.0,/,2,Add to cart,Save to list
$5.00,$0.50 / 100G,Tablelands Buttery Spread 1kg,5.0,/,1,Add to cart,Save to list
$1.55,$1.55 / 1L,Woolworths Lite Milk 1l,4.4,/,757,Add to cart,Save to list
SAVE $0.80,$5.20,$6.00 - $2.08 / 100G,Lurpak Butter Spreadable Slightly Salted 250g,Add to cart,Save to list
EVERYDAY LOW PRICE,$6.00,$0.94 / 100G,Farmers Union Greek Yogurt 4 Pack,5.0,/,1,Add to cart,Save to list
SAVE $0.90,$2.80,$3.70 - $1.60 / 100G,YoPRO Perform 20g Protein Strawberry Yoghurt Pouch 175g,Add to cart,Save to list
SAVE $0.30,$0.90,$1.20 - $1.29 / 100G,Pauls Bluey Yoghurt Pouch Mango 70g,Add to cart,Save to list
$5.50,$15.71 / 1KG,Woolworths Kaleslaw Kit 350g,Add to cart,Save to list
$6.00,$24.00 / 1KG,Woolworths Mozzarella Cheddar & Parmesan Shredded Blend 250g,4.6,/,2008,Add to cart,Save to list
$7.40,$1.06 / 100G,Queensland Yoghurt Co Mango Yoghurt Tub 700g,Promoted,Add to cart,Save to list
$5.50,$2.75 / 100G,Lurpak Butter Slightly Salted 50g x 4 pack,Promoted,Add to cart,Save to list
SAVE $1.85,$5.65,$7.50 - $45.20 / 1KG,Tasmanian Heritage Oval Camembert Cheese 125g,Promoted,Add to cart,Save to list
$7.90,$0.88 / 100G,Pauls Custard Snack Pack Vanilla 150gx 6 Pack,Add to cart,Save to list
$3.70,$2.11 / 100G,YoPRO Perform High Protein Yoghurt No Added Sugar Strawberry 175g,4.9,/,27,Add to cart,Save to list
EVERYDAY LOW PRICE,$4.10,$2.05 / 100G,Bulla Sour Cream Light Lactose Free 200g,Add to cart,Save to list
$2.00,$1.82 / 100G,Cocobella Yoghurt Pouch Strawberry 110g,Add to cart,Save to list
$3.10,$1.29 / 100G,Farmers Union Greek Style All Natural Yoghurt 240g,5.0,/,1,Add to cart,Save to list
$3.85,$2.75 / 100G,Gippsland Dairy Strawberry Waffle Yoghurt 140g,Add to cart,Save to list
$6.00,$24.00 / 1KG,Woolworths Light Tasty Cheese Shredded 250g,4.4,/,778,Add to cart,Save to list
EVERYDAY LOW PRICE,$4.75,$0.48 / 100G,Yoplait Mango Yoghurt 1kg,1.0,/,1,Add to cart,Save to list
EVERYDAY LOW PRICE,$4.40,$36.67 / 1KG,Woolworths Extra Tasty Cheese & Crackers 120g,4.6,/,649,Add to cart,Save to list
$11.00,$22.00 / 1KG,Woolworths Cheese Cubes 500g,4.4,/,1818,Add to cart,Save to list
SAVE $1.50,$6.00,$7.50 - $24.00 / 1KG,Bega Tasty Cheese Block 250g,5.0,/,1,Add to cart,Save to list
EVERYDAY LOW PRICE,$3.10,$3.10 / 1L,Woolworths Free From Lactose Free Full Cream Milk 1l,4.4,/,517,Add to cart,Save to list
$8.30,$16.60 / 1KG,Woolworths Extra Tasty Cheese Block 500g,4.7,/,995,Add to cart,Save to list
$1.80,$1.38 / 100G,5 FOR $6.50 - $1.00/100G,Yoplait Yop Yoghurt With Probiotics Strawberry Pouch 130g,Add to cart,Save to list
SAVE $2.10,$6.90,$9.00 - $15.97 / 1KG,Kraft Singles Original 432g,Add to cart,Save to list
SAVE $1.75,$1.75,$3.50 - $1.25 / 100G,Chobani Flip Greek Yogurt Cinnamon Scroll 140g,Add to cart,Save to list
EVERYDAY LOW PRICE,$4.00,$1.07 / 100G,La Tosca Fresh Pasta Lasagne Sheets 375g,Add to cart,Save to list
$4.50,$2.25 / 100G,2 FOR $7.00 - $1.75/100G,Chris' Dips Spicy Capsicum 200g,Add to cart,Save to list
EVERYDAY LOW PRICE,$8.20,$2.05 / 100G,Lurpak Butter Spreadable Slightly Salted 400g,5.0,/,1, Promoted,Add to cart,Save to list
SAVE $1.00,$3.50,$4.50 - $1.40 / 100G,Philadelphia Sweet Chilli Cream Cheese Pourover Tub 250g,Promoted,Add to cart,Save to list
SAVE $0.50,$4.50,$5.00 - $2.25 / 100G,Nuffin Fetta & Cracked Pepper Dip 200g,Promoted,Add to cart,Save to list
SAVE $1.85,$5.65,$7.50 - $45.20 / 1KG,Tasmanian Heritage Triple Cream Oval Brie Cheese 125G,Promoted,Add to cart,Save to list
$3.40,$3.40 / 1L,So Good High Protein Almond 1l,Add to cart,Save to list
$6.80,$1.24 / 100G,Dari's Hearty Chicken Soup 550g,Promoted,Add to cart,Save to list
$6.80,$1.24 / 100G,Dari's Chicken Noodle Soup 550g,Promoted,Add to cart,Save to list
$4.50,$22.50 / 1KG,Macro Satay Tofu 200g,4.4,/,954,Add to cart,Save to list
$2.00,$1.82 / 100G,Cocobella Banana Coconut Yoghurt Pouch 110g,Add to cart,Save to list
EVERYDAY LOW PRICE,$2.30,$7.67 / 1KG,Macro Silken Tofu 300g,3.9,/,897,Add to cart,Save to list
EVERYDAY LOW PRICE,$5.50,$0.61 / 100G,Vaalia Probiotic Yoghurt French Vanilla 900g,Add to cart,Save to list
$2.60,$1.86 / 100G,Dairy Farmers Thick & Creamy Mango & Fingerlime Yoghurt 140g,Add to cart,Save to list
$4.50,$22.50 / 1KG,Macro Honey Soy Tofu 200g,4.1,/,759,Add to cart,Save to list
EVERYDAY LOW PRICE,$9.90,$14.14 / 1KG,White Label Pizza Blend Shredded Cheese 700g,Add to cart,Save to list
OUT OF STOCK,Pauls Plus Protein Vanilla Yoghurt Pouch No added Sugar 150g,4.4,/,19,Add to cart,Save to list
SAVE $1.00,$5.00,$6.00 - $1.00 / 100G,Cocobella Dairy Free Coconut Yoghurt Natural 500g,Add to cart,Save to list
$5.70,$22.80 / 1KG,Philadelphia Original Cream Cheese Block 250g,Promoted,Add to cart,Save to list
SAVE $1.00,$5.00,$6.00 - $1.00 / 100G,Cocobella Dairy Free Coconut Yoghurt Natural 500g,Add to cart,Save to list
SAVE $1.00,$5.00,$6.00 - $1.00 / 100G,Cocobella Dairy Free Coconut Yoghurt Vanilla 500g,5.0,/,1,Add to cart,Save to list
SAVE $0.75,$5.90,$6.65 - $0.59 / 100G,Meadowlea Original Spread Original 1kg,5.0,/,1,Add to cart,Save to list
$2.00,$1.82 / 100G,Cocobella Yoghurt Pouch Vanilla 110g,Add to cart,Save to list
$5.00,$1.00 / 100G,Meadowlea Original Spread 500g,Add to cart,Save to list
$6.80,$1.24 / 100G,Dari's Chicken & Corn Soup 550g,Promoted,Add to cart,Save to list
$8.00,$53.33 / 1KG,Castello Blue Cheese Creamy 150g,Promoted,Add to cart,Save to list
$6.00,$1.20 / 100G,Coyo Dairy Free Oat & Coconut Yoghurt Vanilla 500g,Promoted,Add to cart,Save to list
SAVE $1.50,$7.00,$8.50 - $35.00 / 1KG,Castello Mature Cheddar Cheese 200g,Promoted,Add to cart,Save to list
LOWER AUTUMN PRICE,$3.50,$1.94 / 100G,RANGE WAS $4 - 25/02/2025,Chris' Dips French Onion 60g x3 Pack,Add to cart,Save to list
$1.90,$1.90 / 1L,Australia's Own Full Cream Long Life Milk 1l,Add to cart,Save to list
$5.50,$0.79 / 100G,Nevana Pizza Base 12 Pack,Add to cart,Save to list
$3.20,$0.64 / 100G,Tablelands Dairy Free Buttery 500g,5.0,/,1,Add to cart,Save to list
$1.80,$1.38 / 100G,5 FOR $6.50 - $1.00/100G,Yoplait Yop Yoghurt With Probiotics Mango Pouch 130g,Add to cart,Save to list
$2.70,$1.69 / 100G,Chobani Greek Yogurt Blueberry 160g,Add to cart,Save to list
$6.50,$0.72 / 100G,Pauls Double Thick Custard French Vanilla 900g,Add to cart,Save to list
$4.50,$2.25 / 100G,2 FOR $7.00 - $1.75/100G,Chris' Dips Spring Onion 200g,4.0,/,1,Add to cart,Save to list
SAVE $0.30,$0.90,$1.20 - $1.29 / 100G,Pauls Kids Yoghurt Pouch Banana 70g,Add to cart,Save to list
$9.90,$3.30 / 1L,A2 Milk Full Cream 3l,4.0,/,1,Add to cart,Save to list
LOWER AUTUMN PRICE,$6.40,$3.20 / 1L,WAS $6.80 - 31/03/2025,Zymil Lactose Free Low Fat Milk 2L,Add to cart,Save to list
$5.80,$1.16 / 100G,Nuttelex Olive Table Spread 500g,Add to cart,Save to list
$2.20,$1.69 / 100G,5 FOR $8.00 - $1.23/100G,Farmers Union Greek Style Kids Yoghurt Pouch Vanilla No Added Sugar 130g,Add to cart,Save to list
$5.20,$2.08 / 100G,Macro Organic Unsalted Butter 250g,4.6,/,945,Add to cart,Save to list
$7.00,$1.47 / 100G,Woolworths Classic Potato Mash 475g,3.9,/,721,Add to cart,Save to list
$4.50,$4.50 / 1L,Australia's Own Barista Oat Milk 1l,Add to cart,Save to list
$9.10,$36.40 / 1KG,Thomas Dux Grana Padano 14 Months 250g,4.4,/,860,Add to cart,Save to list
$3.60,$14.40 / 1KG,Woolworths Processed Cheese Slices Smokey 250g,4.0,/,1223,Add to cart,Save to list
$2.70,$1.69 / 100G,Chobani Greek Yogurt Vanilla 160g,5.0,/,1,Add to cart,Save to list
$6.80,$1.24 / 100G,Dari's Classic Vegetable Soup 550g,Promoted,Add to cart,Save to list
SAVE $1.50,$7.00,$8.50 - $35.00 / 1KG,Castello Creamy Havarti 200g,5.0,/,1, Promoted,Add to cart,Save to list
$6.80,$1.24 / 100G,Dari's Chunky Minestrone Soup 550g,1.0,/,1, Promoted,Add to cart,Save to list
$8.00,$53.33 / 1KG,Castello Brie Double Cream 150g,Promoted,Add to cart,Save to list
$5.25,$24.31 / 1KG,Kraft Singles Original 216g,Add to cart,Save to list
OUT OF STOCK,Woolworths Baby Leaf With Beetroot & Carrot 180g,View similar,products,             to Woolworths Baby Leaf With Beetroot & Carrot 180g,Save to list
EVERYDAY LOW PRICE,$3.95,$0.90 / 100G,Dairy Farmers Thick & Creamy Vanilla Yoghurt 4 Pack,Add to cart,Save to list
OUT OF STOCK,Woolworths Leafy Mix Salad 120g,View similar,products,             to Woolworths Leafy Mix Salad 120g,Save to list
$4.15,$8.30 / 1L,Dare Espresso Iced Coffee 500ml,Add to cart,Save to list
$5.20,$26.00 / 1KG,Woolworths Gouda Cheese Slices 200g,4.5,/,1556,Add to cart,Save to list
EVERYDAY LOW PRICE,$2.80,$2.80 / 1L,Australia's Own A2 Protein Full Cream UHT Milk 1L,5.0,/,1,Add to cart,Save to list
EVERYDAY LOW PRICE,$5.50,$1.38 / 100ML,Bulla Sour Cream Light 400ml,Add to cart,Save to list
$6.90,$34.50 / 1KG,Woolworths Parmesan Cheese Block 200g,4.5,/,818,Add to cart,Save to list
$4.20,$0.84 / 100G,Tamar Valley Dairy Greek Style Yoghurt 500g,Add to cart,Save to list
EVERYDAY LOW PRICE,$2.30,$1.44 / 100G,Pauls Plus Protein Vanilla Yoghurt 160g,4.5,/,19,Add to cart,Save to list
$3.85,$2.75 / 100G,Gippsland Dairy Passionfruit Pavlova Yoghurt 140g,Add to cart,Save to list
$6.80,$1.00 / 100G,Chobani No Sugar Added Greek Yogurt Vanilla 680g,Add to cart,Save to list
$3.00,$24.00 / 1KG,La Casa Del Formaggio Fresh Mozzarella 125g,Add to cart,Save to list
LOWER AUTUMN PRICE,$5.50,$24.44 / 1KG,RANGE WAS $6.50 - 25/02/2025,Yumi's Original Falafel Balls 225g,5.0,/,1,Add to cart,Save to list
$4.50,$90.00 / 1KG,2 FOR $6.70 - $67.00/1KG,Primo Stackers Leg Ham Cheese & Crackers 50g,Add to cart,Save to list
SAVE $2.00,$6.80,$8.80 - $0.68 / 100G,Jalna Biodynamic Whole Milk Yoghurt 1kg,Add to cart,Save to list
$2.50,$1.67 / 100G,Cocobella Dairy Free Vanilla Coconut Yoghurt 150g,Add to cart,Save to list
$11.95,$59.75 / 1KG,Tasmanian Heritage Camembert Cheese 200g,4.0,/,1, Promoted,Add to cart,Save to list
EVERYDAY LOW PRICE,$9.00,$2.25 / 100G,Lurpak Butter Block Slightly Salted 400g,Promoted,Add to cart,Save to list
SAVE $1.00,$3.50,$4.50 - $2.80 / 100G,Obela Hi Protein Hommus To Go 125g,Promoted,Add to cart,Save to list
$3.00,$12.00 / 1KG,Woolworths Whole Fresh Beetroot 250g,Add to cart,Save to list
$4.50,$2.25 / 100G,Yumi's Avocado Dip 200g,Add to cart,Save to list
$5.50,$5.50 / 1L,MILKLAB Oat Milk Home Barista Edition 1L,Add to cart,Save to list
$2.00,$2.00 / 1L,Macro Organic Rice Milk 1l,3.6,/,311,Add to cart,Save to list
$9.90,$42.13 / 1KG,Mersey Valley Original Cheddar Cheese Block 235g,Promoted,Add to cart,Save to list
$5.50,$14.67 / 1L,The Man Shake Fuel Chocolate Health Shake 375mL,Promoted,Add to cart,Save to list
$6.80,$1.24 / 100G,Dari's Pea & Ham Soup 550g,Promoted,Add to cart,Save to list
EVERYDAY LOW PRICE,$9.00,$2.25 / 100G,Lurpak Butter Unsalted 400g,Promoted,Add to cart,Save to list
EVERYDAY LOW PRICE,$6.50,$0.68 / 100G,Yoplait Berry Punnet Mixed Yoghurts 6 Pack,Add to cart,Save to list
SAVE $2.30,$3.45,$5.75 - $0.69 / 100G,Activia Danone Probiotic Yoghurt No Added Sugar Vanilla 125g x 4 Pack,4.7,/,54,Add to cart,Save to list
EVERYDAY LOW PRICE,$2.50,$2.50 / 1L,Macro Organic Almond Milk 1l,3.8,/,613,Add to cart,Save to list
EVERYDAY LOW PRICE,$4.00,$12.31 / 1L,Yakult Probiotic Drink Light 5x65ml,Add to cart,Save to list
$2.80,$1.75 / 100G,Chobani Fit High Protein Greek Yogurt Pot Tropical 160g,Add to cart,Save to list
EVERYDAY LOW PRICE,$9.90,$14.14 / 1KG,White Label Tasty Shredded Cheese 700g,Add to cart,Save to list
EVERYDAY LOW PRICE,$2.00,$0.80 / 100G,Picasso Kitchen Pizza Dough Ball 250G,Add to cart,Save to list
$14.95,$14.95 / 1KG,Cheer Cheese Tasty Cheese Block 1kg,4.7,/,35,Add to cart,Save to list
$5.90,$24.58 / 1KG,Woolworths Green Goodness Salad Bowl 240g,Add to cart,Save to list
$5.50,$27.50 / 1KG,Woolworths Caesar Salad Bowl 200g,Add to cart,Save to list
$3.45,$0.77 / 100G,Fantastic Fresh Noodles Hokkien 450g,Add to cart,Save to list
$5.70,$22.80 / 1KG,Philadelphia Light Cream Cheese Spread Tub 250g,Add to cart,Save to list
$4.50,$10.00 / 1KG,Woolworths American Style Slaw Kit 450g,Add to cart,Save to list
$1.10,$1.57 / 100G,6 FOR $5.10 - $1.21/100G,Yoplait Petit Miam Kids Yoghurt Pouch Strawberry No Sugar Added 70g,Add to cart,Save to list
EVERYDAY LOW PRICE,$13.50,$18.00 / 1KG,Bega Tasty Cheese Block 750g,Add to cart,Save to list
EVERYDAY LOW PRICE,$6.90,$3.45 / 1L,A2 Milk Lactose Free Full Cream Milk 2l,Add to cart,Save to list
$4.50,$100.00 / 1KG,2 FOR $6.70 - $74.44/1KG,Primo Stackers Salami Rice Cheese & Crackers 45g,Add to cart,Save to list
$4.90,$1.44 / 100G,Wicked Sister Vanilla Bean Rice Pudding 2x170g,5.0,/,1,Add to cart,Save to list
SAVE $1.00,$2.20,$3.20 - $1.47 / 100G,Yogo Chocolate With Choc Chip Custard Dessert 150g,Add to cart,Save to list
EVERYDAY LOW PRICE,$7.50,$15.00 / 1KG,Dairyworks Grated Mozzarella Cheese 500g,Add to cart,Save to list
$14.70,$15.51 / 1L,Suntory Boss Coffee Iced Vanilla Latte Cans 237ml x4 Pack,Promoted,Add to cart,Save to list
$14.50,$48.33 / 1KG,Castello Soft Mild Blue Cheese 300g,Promoted,Add to cart,Save to list
SAVE $1.00,$3.50,$4.50 - $2.80 / 100G,Obela Hi-Protein To Go Jalapeno Hommus 125g,Promoted,Add to cart,Save to list
$8.00,$53.33 / 1KG,Castello Mild Blue Cheese 150g,Promoted,Add to cart,Save to list
$4.00,$0.40 / 100G,Woolworths Strawberry Yoghurt 1kg,4.3,/,333,Add to cart,Save to list
SAVE $1.50,$4.00,$5.50 - $1.82 / 100G,Obela Tzatziki Dip Classic 220g,Add to cart,Save to list
$3.85,$2.75 / 100G,Gippsland Dairy Custard Tart Flavoured Yogurt 140g,Add to cart,Save to list
$1.80,$1.38 / 100G,5 FOR $6.50 - $1.00/100G,Yoplait Yop Yoghurt With Probiotics Vanilla Pouch 130g,Add to cart,Save to list
$4.80,$21.33 / 1KG,Brancourts Lactose Free Cottage Cheese 225g,Add to cart,Save to list
$4.50,$90.00 / 1KG,2 FOR $6.70 - $67.00/1KG,Primo Trios Cabanossi Cheese & Jatz Crackers 50g,Add to cart,Save to list
$38.00,$38.00 / 1KG,Jarlsberg Sliced Cheese Per Kg,Add to cart,Save to list
$3.80,$19.00 / 1KG,Bulla Cottage Cheese Onion & Chives 200g,Add to cart,Save to list
$2.40,$1.71 / 100G,Pauls Custard Pouch Vanilla 140g,Add to cart,Save to list
$7.00,$14.00 / 1KG,Perfect Italiano Original Ricotta Cheese Tub 500g,5.0,/,1,Add to cart,Save to list
$4.30,$21.50 / 1KG,Barambah Organics Cottage Cheese 200g,Add to cart,Save to list
$9.50,$21.11 / 1KG,Perfect Italiano Grated Mexican Style Cheese 450g,5.0,/,1,Add to cart,Save to list
$4.50,$2.25 / 100G,2 FOR $7.00 - $1.75/100G,Chris' Dips Cheese & Chive 200g,5.0,/,2,Add to cart,Save to list
SAVE $1.00,$3.50,$4.50 - $1.40 / 100G,Philadelphia Sweet Chilli Cream Cheese Pourover Tub 250g,Add to cart,Save to list
SAVE $1.60,$2.40,$4.00 - $10.13 / 1L,Suntory Boss Coffee Iced Latte 237ml,Add to cart,Save to list
$4.15,$8.30 / 1L,Dare No Added Sugar Double Espresso Iced Coffee 500ml,Add to cart,Save to list
$5.50,$44.00 / 1KG,Kraft Grated Parmesan Cheese 125g,Add to cart,Save to list
$9.20,$38.33 / 1KG,Bega Cheese Snack Stringers Cheese 240g,Add to cart,Save to list
$3.00,$2.14 / 100G,Vitasoy Oat Yoghurt Blueberry 140g,Promoted,Add to cart,Save to list
$2.70,$1.93 / 100G,Vitasoy Greek Style Soy Yogurt Hint Of Mango & Passionfruit 140g,Promoted,Add to cart,Save to list
$14.70,"$1,550.63 / 100L",Suntory Boss Coffee Iced Long Black Cans 237ml x4 Pack,Promoted,Add to cart,Save to list
$11.95,$59.75 / 1KG,Tasmanian Heritage Double Brie Cheese 200g,Promoted,Add to cart,Save to list
EVERYDAY LOW PRICE,$4.80,$21.82 / 1KG,Woolworths Traditional Bocconcini 220g,4.5,/,904,Add to cart,Save to list
$1.10,$1.57 / 100G,6 FOR $5.10 - $1.21/100G,Yoplait Petit Miam Fruit Salad 70g,5.0,/,1,Add to cart,Save to list
$8.00,$1.67 / 100G,La Famiglia Garlic Bread Sourdough 480g,Add to cart,Save to list
EVERYDAY LOW PRICE,$7.00,$14.00 / 1KG,Brancourts Cottage Cheese Classic 500g,Add to cart,Save to list
$3.00,$60.00 / 1KG,2 FOR $5.50 - $55.00/1KG,Mainland Cheese Snack with Crackers Tasty Cheese 50g,Add to cart,Save to list
$2.40,$2.40 / 1L,Macro Organic Coconut Milk Unsweetened 1l,4.0,/,221,Add to cart,Save to list
$3.00,$2.14 / 100G,Vitasoy Oat Yoghurt Summer Fruits 140g,Promoted,Add to cart,Save to list
$4.90,$4.90 / 1L,Califia Farms Oat Barista Blend UHT Milk 1L,5.0,/,1,Add to cart,Save to list
$3.75,$1.25 / 100G,2 FOR $6.50 - $1.08/100G,Divine Classic Creme Caramel 2x150g,5.0,/,1,Add to cart,Save to list
SAVE $0.50,$3.50,$4.00 - $2.80 / 100G,Obela Hommus To Go Classic & Sakata Crackers 125g,5.0,/,1,Add to cart,Save to list
EVERYDAY LOW PRICE,$4.50,$4.50 / 1L,Bonsoy Almond Milk 1l,Add to cart,Save to list
$8.50,$1.70 / 100G,Coyo Dairy Free Coconut Yoghurt Probiotic NoAddedSugar Natural 500g,Add to cart,Save to list
$2.70,$2.70 / 1L,Dairy Farmers Light Milk 1l,Add to cart,Save to list
$6.00,$2.40 / 100G,Mainland Organic Butter Block 250g,Add to cart,Save to list
$2.80,$2.26 / 100G,Nestle Chocolate Mousse Dessert 62g x 2 pack,Add to cart,Save to list
EVERYDAY LOW PRICE,$5.00,$1.25 / 100G,La Famiglia Garlic Bread 400g,Add to cart,Save to list
$11.95,$2.66 / 100G,2 FOR $20.00 - $2.22/100G,My Muscle Chef Chipotle Chick Burrito Bowl Chilled Meal 450g,5.0,/,1,Add to cart,Save to list
SAVE $1.00,$5.00,$6.00 - $5.00 / 1L,Nutty Bruce Organic Unsweetened Almond Plant Milk 1l,Add to cart,Save to list
EVERYDAY LOW PRICE,$6.00,$24.00 / 1KG,Woolworths Tasty Cheese Slices 250g,4.6,/,509,Add to cart,Save to list
SAVE $2.20,$9.00,$11.20 - $45.00 / 1KG,Babybel Cheese Portions 200g,Add to cart,Save to list
$3.90,$3.90 / 1L,Inside Out Almond Milk Unsweetened 1l,5.0,/,1,Add to cart,Save to list
$4.80,$60.00 / 1KG,3 FOR $12.00 - $50.00/1KG,Mersey Valley Classic Cheddar Cheese Block 80g,Add to cart,Save to list
SAVE $0.50,$4.70,$5.20 - $0.94 / 100G,Nuttelex Polyunsaturated Margarine Spread 500g,Add to cart,Save to list
$9.50,$21.11 / 1KG,Perfect Italiano Grated Perfect Bakes 3 Cheeses 450g,Add to cart,Save to list
$2.80,$1.75 / 100G,Chobani Fit High Protein Greek Yogurt Pot Salted Caramel 160g,Add to cart,Save to list
$3.00,$2.14 / 100G,Vitasoy Oat Yoghurt Blueberry 140g,Promoted,Add to cart,Save to list
$2.80,$1.75 / 100G,Chobani Fit High Protein Greek Yogurt Pot Cookies and Cream 160g,Add to cart,Save to list
$7.00,$3.50 / 1L,Dare Espresso Iced Coffee 2l,3.7,/,3,Add to cart,Save to list
$4.50,$9.00 / 1KG,Woolworths Classic Coleslaw Kit 500g,Add to cart,Save to list
EVERYDAY LOW PRICE,$2.60,$2.10 / 100G,Pauls Low Fat Chocolate Mousse 62gx 2 Pack,Add to cart,Save to list
$2.70,$1.93 / 100G,Chobani Mango Greek Yogurt Pouch 140g,Add to cart,Save to list
EVERYDAY LOW PRICE,$1.35,$1.23 / 100G,Woolworths No Added Sugar Greek Style Blueberry Yoghurt 110g,4.2,/,866,Add to cart,Save to list
$7.00,$0.88 / 100G,Woolworths Creamy Potato Salad 800g,3.9,/,391,Add to cart,Save to list
EVERYDAY LOW PRICE,$2.30,$1.44 / 100G,Pauls Plus Protein Strawberry Yoghurt 160g,4.6,/,19,Add to cart,Save to list
SAVE $1.00,$2.60,$3.60 - $2.60 / 1L,Pureharvest Organic Almond Milk 1l,Add to cart,Save to list
$4.50,$2.25 / 1L,Norco Reduced Fat Milk 2l,Add to cart,Save to list
SAVE $1.50,$9.50,$11.00 - $19.00 / 1KG,Mainland Tasty Cheese Block 500g,5.0,/,2,Add to cart,Save to list
EVERYDAY LOW PRICE,$2.30,$1.44 / 100G,Pauls Plus Protein Blueberry Yoghurt 160g,4.4,/,20,Add to cart,Save to list
EVERYDAY LOW PRICE,$3.00,$3.00 / 1L,Vitasoy Protein Plus Unsweetened Soy Milk 1l,Add to cart,Save to list
$8.00,$2.29 / 100G,2 FOR $15.00 - $2.14/100G,Woolworths Macaroni & Cheese Chilled Meal 350g,3.4,/,331,Add to cart,Save to list
$3.20,$3.20 / 1L,So Good Chocolate Almond Milk 1l,Add to cart,Save to list
EVERYDAY LOW PRICE,$1.30,$8.67 / 1L,Devondale 100% Pure Full Cream Milk Long Life UHT Milk 150mL,Add to cart,Save to list
$6.50,$43.33 / 1KG,La Casa Del Formaggio Burrata 150g,Add to cart,Save to list
EVERYDAY LOW PRICE,$8.20,$2.05 / 100G,Lurpak Butter Spreadable Slightly Salted 400g,5.0,/,1, Promoted,Add to cart,Save to list
SAVE $1.00,$3.50,$4.50 - $1.40 / 100G,Philadelphia Sweet Chilli Cream Cheese Pourover Tub 250g,Promoted,Add to cart,Save to list
SAVE $0.50,$4.50,$5.00 - $2.25 / 100G,Nuffin Fetta & Cracked Pepper Dip 200g,Promoted,Add to cart,Save to list
SAVE $1.85,$5.65,$7.50 - $45.20 / 1KG,Tasmanian Heritage Triple Cream Oval Brie Cheese 125G,Promoted,Add to cart,Save to list
$5.80,$0.58 / 100ML,Foster Clark's Original Recipe Vanilla Flavoured Liquid Custard 1l,4.7,/,34,Add to cart,Save to list
EVERYDAY LOW PRICE,$5.50,$27.50 / 1KG,Thomas Dux Double Cream Camembert 200g,4.5,/,651,Add to cart,Save to list
$4.30,$2.15 / 100G,SSS Foods White Bean Garlic & Basil Dip 200g,Promoted,Add to cart,Save to list
$7.40,$1.06 / 100G,Queensland Yoghurt Co Passionfruit Yoghurt 700g,Promoted,Add to cart,Save to list
$7.40,$1.06 / 100G,Queensland Yoghurt Co Raspberry Yoghurt Tub 700g,Promoted,Add to cart,Save to list
$7.40,$1.06 / 100G,Queensland Yoghurt Co Strawberry Yoghurt Tub 700g,Promoted,Add to cart,Save to list
$1.80,$1.38 / 100G,5 FOR $6.50 - $1.00/100G,Yoplait Yop Yoghurt With Probiotics No Sugar Added Strawberry Pouch 130g,Add to cart,Save to list
SAVE $0.40,$4.50,$4.90 - $22.50 / 1KG,Thomas Dux Vintage Cheddar 200g,4.6,/,1204,Add to cart,Save to list
$7.95,$1.56 / 100G,Wicked Sister High Protein Chocolate Pudding 510g,Add to cart,Save to list
$4.00,$1.60 / 100G,Woolworths Classic Coleslaw 250g,4.0,/,935,Add to cart,Save to list
$4.10,$1.37 / 100ML,Pauls Zymil Light Thickened Cream Lactose Free 300ml,1.0,/,1,Add to cart,Save to list
SAVE $1.00,$5.50,$6.50 - $30.56 / 1KG,Lemnos Traditional Fetta 180g,Add to cart,Save to list
$5.25,$1.05 / 100G,Flora Margarine Spread Buttery 500g,Add to cart,Save to list
$5.90,$29.50 / 1KG,Woolworths Beetroot & Feta Salad Bowl 200g,Add to cart,Save to list
SAVE $0.30,$0.90,$1.20 - $1.29 / 100G,Pauls Kids Yoghurt Pouch Limited Edition Birthday Cake Flavour 70g,Add to cart,Save to list
$5.70,$35.63 / 1KG,Woolworths Natural Cheese Sticks 160g,4.4,/,749,Add to cart,Save to list
SAVE $1.00,$5.50,$6.50 - $27.50 / 1KG,Lemnos Smooth Fetta Cheese 200g,Add to cart,Save to list
EVERYDAY LOW PRICE,$8.00,$0.67 / 100G,Yoplait Vanilla 12 Pack,Add to cart,Save to list
EVERYDAY LOW PRICE,$9.90,$9.90 / 1KG,White Label Colby Cheese Block 1kg,5.0,/,2,Add to cart,Save to list
$2.40,$1.71 / 100G,Pauls Kids Avengers Chocolate Custard Pouch 140g,Add to cart,Save to list
SAVE $2.30,$3.45,$5.75 - $0.69 / 100G,Activia Danone Probiotic Yoghurt No Added Sugar Berries 125g x 4 Pack,4.7,/,57,Add to cart,Save to list
$11.95,$3.51 / 100G,2 FOR $20.00 - $2.94/100G,My Muscle Chef Crumbed Chicken Roasted Potatoes Chilled Meal 340g,Add to cart,Save to list
$7.00,$0.88 / 100G,Woolworths Classic Coleslaw 800g,4.4,/,782,Add to cart,Save to list
EVERYDAY LOW PRICE,$6.50,$0.68 / 100G,Yoplait Vanilla Yoghurts 6 Pack,Add to cart,Save to list
$2.60,$2.60 / 1L,Norco Full Cream Milk 1l,1.0,/,1,Add to cart,Save to list
$8.00,$17.78 / 1KG,La Casa Del Formaggio Mozzarella Ball 450g,Add to cart,Save to list
SAVE $3.90,$16.00,$19.90 - $16.00 / 1KG,Riverina Full Cream Fetta Per kg,Add to cart,Save to list
EVERYDAY LOW PRICE,$4.40,$36.67 / 1KG,Woolworths Light Tasty Cheese & Crackers 120g,4.6,/,570,Add to cart,Save to list
$1.80,$1.38 / 100G,5 FOR $6.50 - $1.00/100G,Yoplait Yop Yoghurt With Probiotics Blueberry Pouch 130g,Add to cart,Save to list
$6.80,$1.24 / 100G,Dari's Chicken & Corn Soup 550g,Promoted,Add to cart,Save to list
$8.00,$53.33 / 1KG,Castello Blue Cheese Creamy 150g,Promoted,Add to cart,Save to list
$6.00,$1.20 / 100G,Coyo Dairy Free Oat & Coconut Yoghurt Vanilla 500g,Promoted,Add to cart,Save to list
SAVE $1.50,$7.00,$8.50 - $35.00 / 1KG,Castello Mature Cheddar Cheese 200g,Promoted,Add to cart,Save to list
EVERYDAY LOW PRICE,$5.00,$2.50 / 100ML,Bulla Creme Fraiche 200ml,Add to cart,Save to list
SAVE $2.50,$7.50,$10.00 - $1.50 / 100G,Flora Proactiv Cholesterol Lowering Margarine Spread Light 500g,Add to cart,Save to list
$13.00,$13.00 / 1KG,Woolworths Sandwich Cheese Slices 1kg,4.1,/,788,Add to cart,Save to list
$8.00,$1.67 / 100G,La Famiglia Garlic Bread Sourdough 480g,Add to cart,Save to list
$13.80,$43.13 / 1KG,Meredith Dairy Goats Cheese 320g,5.0,/,1,Add to cart,Save to list
SAVE $2.60,$2.60,$5.20 - $2.60 / 1L,Oatly! Oat Milk Light 1L,Add to cart,Save to list
SAVE $0.50,$5.50,$6.00 - $27.50 / 1KG,Dairyworks Cheddar Cheese Burger Slices 200g,Add to cart,Save to list
EVERYDAY LOW PRICE,$4.00,$12.31 / 1L,Yakult Probiotic Drink 5x65ml,Add to cart,Save to list
$1.10,$1.57 / 100G,6 FOR $5.10 - $1.21/100G,Yoplait Petit Miam Kids Yogurt Pouch Vanilla No Sugar Added 70g,Add to cart,Save to list
$4.50,$0.90 / 100G,Tablelands Health Smart Reduced Cholesterol Spread 500g,Add to cart,Save to list
$8.00,$2.46 / 100G,Rana Pumpkin & Onion Ravioli Pasta 325g,Add to cart,Save to list
$5.50,$0.92 / 100G,Dairy Farmers Thick & Creamy Classic Vanilla Yoghurt 600g,Add to cart,Save to list
SAVE $0.60,$2.40,$3.00 - $1.50 / 100G,Gippsland Dairy Boysenberry Twist Yoghurt 160g,Add to cart,Save to list
$2.30,$1.53 / 100G,Nestle Milo Energy Dairy Snack 40% Less Added Sugar 150g,Add to cart,Save to list
$7.50,$25.00 / 1KG,Vegie Delights Plant Based Vegie Sausages 300g,Add to cart,Save to list
$3.90,$3.90 / 1L,Zymil Lactose Free Skim Milk 1L,Add to cart,Save to list
EVERYDAY LOW PRICE,$2.95,$1.18 / 100G,La Famiglia Garlic Bread 250g,Add to cart,Save to list
$7.50,$30.00 / 1KG,Liddells Lactose Free Tasty Cheese Slices 250g,Add to cart,Save to list
SAVE $2.50,$6.20,$8.70 - $34.44 / 1KG,Mersey Valley Original Vintage Cheddar Cheese Block 180g,Promoted,Add to cart,Save to list
$5.70,$22.80 / 1KG,Philadelphia Original Cream Cheese Spread Tub 250g,Promoted,Add to cart,Save to list
$3.60,$7.20 / 1L,Dairy Farmers Classic Chocolate Milk 500ml,Promoted,Add to cart,Save to list
EVERYDAY LOW PRICE,$1.75,$1.75 / 100G,Jalna Kids No Added Sugar Yoghurt Vanilla 100g,Add to cart,Save to list
$8.30,$0.83 / 100G,Jalna Premium Vanilla Yoghurt 1kg,Add to cart,Save to list
EVERYDAY LOW PRICE,$4.70,$3.92 / 1L,Australia's Own Full Cream Long Life Milk 200ml x6 Pack,Add to cart,Save to list
$4.50,$30.00 / 1KG,Perfect Italiano Grated Perfect Pizza Cheese 150g,5.0,/,1,Add to cart,Save to list
EVERYDAY LOW PRICE,$1.75,$1.75 / 100G,Jalna Kids No Added Sugar Yoghurt Blueberry 100g,Add to cart,Save to list
$6.50,$2.60 / 100G,Lurpak Butter Slightly Salted 250g,Add to cart,Save to list
LOWER AUTUMN PRICE,$5.50,$2.20 / 100G,WAS $6.50 - 09/03/2025,Mainland Organic Spreadable Butter Tub 250g,Add to cart,Save to list
OUT OF STOCK,Sunny Queen 12 Extra Large Organic Free Range Eggs 700g,Add to cart,Save to list
$5.90,$23.60 / 1KG,Woolworths Caesar Salad Kit Tub 250g,Add to cart,Save to list
SAVE $0.85,$6.60,$7.45 - $5.50 / 1L,Devondale Moo Chocolate Long Life Lunchbox Milk 200mL x 6 pack,Add to cart,Save to list
$2.30,$65.71 / 1KG,Woolworths Tasty Cheese Cubes & Mini Pretzels 35g,4.3,/,1562,Add to cart,Save to list
SAVE $1.00,$7.00,$8.00 - $0.58 / 100G,Yogo Choc Rock Custard Dessert 12x100g,Add to cart,Save to list
EVERYDAY LOW PRICE,$2.30,$7.67 / 1KG,Macro Classic Tofu Regular 300g,4.4,/,828,Add to cart,Save to list
$2.70,$1.93 / 100G,Vitasoy Greek Style Soy Yogurt Hint Of Strawberry 140g,Add to cart,Save to list
$8.30,$0.83 / 100G,Jalna Sweet & Creamy Greek Style Yoghurt 1kg,Add to cart,Save to list
$2.20,$1.69 / 100G,Five:Am Organic Kids No Added Sugar Pouch Mango 130g,Add to cart,Save to list
SAVE $0.85,$1.85,$2.70 - $1.16 / 100G,Farmers Union Gut Good Greek Style Yogurt Vanilla 160g,Add to cart,Save to list
SAVE $1.05,$4.20,$5.25 - $5.60 / 1L,Dare Espresso Ice Coffee 750mL,Add to cart,Save to list
SAVE $1.60,$6.30,$7.90 - $0.90 / 100G,Gippsland Dairy Twist Yoghurt Smooth & Creamy 700g,Add to cart,Save to list
SAVE $1.30,$5.00,$6.30 - $1.00 / 100G,Olive Grove Classic Spread 500g,5.0,/,1,Add to cart,Save to list
$3.00,$10.00 / 1KG,Woolworths Rainbow Coleslaw 300g,Add to cart,Save to list
$3.40,$103.03 / 1KG,Arnotts Jatz Cracker Biscuits & Tasty Cheese 33g,Add to cart,Save to list
$7.00,$1.00 / 100G,Tamar Valley Dairy Yoghurt Mango & Cream 700g,4.8,/,16,Add to cart,Save to list
$9.95,$2.84 / 100G,Strength Meals Co Lemon Herb Chicken Chilled Meal 350g,4.0,/,151,Add to cart,Save to list
$4.75,$1.27 / 100G,Antoniou Fillo Pastry 375g,Add to cart,Save to list
SAVE $0.60,$2.40,$3.00 - $1.50 / 100G,Gippsland Dairy Blueberry Twist Yoghurt 160g,Add to cart,Save to list
$8.00,$2.29 / 100G,2 FOR $15.00 - $2.14/100G,Woolworths Spaghetti Bolognese Chilled Meal 350g,4.0,/,437,Add to cart,Save to list
$4.70,$1.57 / 100ML,Pura Thick Cream Dollop 300ml,Add to cart,Save to list
$9.95,$2.84 / 100G,Strength Meals Co Chicken Stroganoff Chilled Meal 350g,4.1,/,124,Add to cart,Save to list
$5.00,$41.67 / 1KG,Dairyworks Colby Cheese & Rice Crackers 4x120g,Add to cart,Save to list
$4.50,$2.37 / 100G,La Famiglia Just For 2 Cheesy Garlic Bread 190g,Add to cart,Save to list
EVERYDAY LOW PRICE,$11.00,$36.67 / 1KG,Dairyworks Tasty Cheese & Rice Cracker 10 Pack,Add to cart,Save to list
SAVE $1.00,$8.00,$9.00 - $53.33 / 1KG,Jarlsberg Original Cheese Slices Sliced Cheese 150g,Add to cart,Save to list
$4.50,$100.00 / 1KG,2 FOR $6.70 - $74.44/1KG,Primo Stackers Chicken Cheese & Crackers 45g,Add to cart,Save to list
EVERYDAY LOW PRICE,$2.60,$1.04 / 100G,Fairy Cooking Margarine 250g,Promoted,Add to cart,Save to list
SAVE $0.85,$1.85,$2.70 - $1.16 / 100G,Farmers Union Gut Good Greek Style Yogurt Caramalised Banana 160g,Add to cart,Save to list
SAVE $0.60,$2.40,$3.00 - $1.50 / 100G,Gippsland Dairy Twist Yoghurt Lemon Curd 160g,5.0,/,1,Add to cart,Save to list
EVERYDAY LOW PRICE,$6.20,$1.11 / 100G,Liddells Lactose Free Yoghurt Plain 140g x 4 Pack,Add to cart,Save to list
SAVE $1.40,$5.60,$7.00 - $46.67 / 1KG,Mainland On The Go Tasty Cheese And Crackers Snacks 4 pack,Add to cart,Save to list
$4.50,$2.25 / 100G,2 FOR $7.00 - $1.75/100G,Chris' Dips Three Olive 200g,Add to cart,Save to list
$5.80,$2.64 / 100G,Obela Classic Guacamole 220g,5.0,/,1,Add to cart,Save to list
$14.70,$15.51 / 1L,Suntory Boss Coffee Iced Vanilla Latte Cans 237ml x4 Pack,Promoted,Add to cart,Save to list
$14.50,$48.33 / 1KG,Castello Soft Mild Blue Cheese 300g,Promoted,Add to cart,Save to list
SAVE $1.00,$3.50,$4.50 - $2.80 / 100G,Obela Hi-Protein To Go Jalapeno Hommus 125g,Promoted,Add to cart,Save to list
$8.00,$53.33 / 1KG,Castello Mild Blue Cheese 150g,Promoted,Add to cart,Save to list
$5.20,$5.20 / 1L,Oatly! Oat Milk Full 1L,Add to cart,Save to list
$5.95,$0.99 / 100ML,Pauls Pure Cream 600ml,3.0,/,2,Add to cart,Save to list
$4.50,$2.25 / 100G,Yumi's Sweet Potato & Cashews Dip 200g,Add to cart,Save to list
$7.50,$30.00 / 1KG,Bega Lactose Free Cheese Slices 250g,Add to cart,Save to list
$2.90,$1.81 / 100G,Cocobella Coconut Yoghurt Plus Protein Vanilla 160g,Add to cart,Save to list
$4.00,$26.67 / 1KG,Philadelphia Original Cream Cheese Portions Snacks 150g,5.0,/,1,Add to cart,Save to list
$10.50,$21.00 / 1KG,Steggles Chicken Breast Enchilada Mexican Style 500g,Add to cart,Save to list
SAVE $1.20,$1.20,$2.40 - $0.86 / 100G,Vaalia Kids Probiotic Yoghurt Pouch Lactose Free Blueberry 140g,Add to cart,Save to list
$4.00,$8.00 / 1L,"OAK Plus Chocolate Flavoured Milk No Added Sugar, 30g Protein 500ml",Add to cart,Save to list
SAVE $2.00,$5.50,$7.50 - $1.29 / 100G,Latina Fresh Creamy Sun-Dried Tomato Pasta Sauce 425g,Add to cart,Save to list
EVERYDAY LOW PRICE,$1.90,$38.00 / 1KG,Woolworths Natural Tasty Cheese & Crackers Each 50g,4.6,/,1639,Add to cart,Save to list
$4.50,$2.25 / 100G,2 FOR $7.00 - $1.75/100G,Chris' Guacamole 200g,Add to cart,Save to list
SAVE $0.60,$2.40,$3.00 - $1.50 / 100G,Gippsland Dairy Blueberry Twist Yoghurt 160g,Add to cart,Save to list
$6.00,$30.00 / 1KG,La Casa Del Formaggio Fresh Mozzarella 200g,Add to cart,Save to list
$6.90,$34.50 / 1KG,Made With Plants Shredded Mozzarella Dairy Free 200g,3.0,/,2,Add to cart,Save to list
EVERYDAY LOW PRICE,$8.90,$2.97 / 1L,Pauls Zymil Lactose Free Full Cream Milk 3L,4.0,/,1,Add to cart,Save to list
$6.50,$24.07 / 1KG,Woolworths Beetroot & Feta Salad Kit 270g,Add to cart,Save to list
$5.15,$0.69 / 100G,Rokeby Probiotic Filmjolk Yoghurt Natural 750g,Add to cart,Save to list
$2.70,$1.93 / 100G,Vitasoy Greek Style Soy Yogurt Hint Of Strawberry 140g,Promoted,Add to cart,Save to list
$14.70,$15.51 / 1L,Suntory Boss Coffee Iced Latte Cans 237ml x4 Pack,Promoted,Add to cart,Save to list
SAVE $1.20,$4.80,$6.00 - $2.40 / 100G,Latina Fresh Kids Mini Ravioli Pasta Beef & Vegetable 200g,Add to cart,Save to list
$11.95,$3.62 / 100G,2 FOR $20.00 - $3.03/100G,My Muscle Chef Pesto Chicken Pasta Chilled Meal 330g,Add to cart,Save to list
$4.15,$8.30 / 1L,Dare Mocha Iced Coffee 500ml,Add to cart,Save to list
$5.25,$7.00 / 1L,Ice Break Iced Coffee Regular Flavoured Milk 750mL,Add to cart,Save to list
EVERYDAY LOW PRICE,$4.75,$0.48 / 100G,Yoplait Mixed Berry Yogurt 1kg,Add to cart,Save to list
$6.05,$3.03 / 1L,Norco Lactose Free Full Cream Milk 2l,Add to cart,Save to list
$8.00,$2.29 / 100G,2 FOR $15.00 - $2.14/100G,Woolworths Fettuccine Carbonara Chilled Meal 350g,3.5,/,382,Add to cart,Save to list
SAVE $1.50,$5.50,$7.00 - $0.79 / 100G,Five:Am Organic Yoghurt Vanilla Bean 700g,Add to cart,Save to list
$3.40,$106.25 / 1KG,Arnotts Chicken Crimpy Shapes Cracker Biscuits & Cheese 32g,Add to cart,Save to list
$4.50,$2.25 / 100G,Yumi's Roasted Beetroot Hommus Dip 200g,Add to cart,Save to list
EVERYDAY LOW PRICE,$7.50,$15.00 / 1KG,Dairyworks Tasty Cheese Grated 500g,Add to cart,Save to list
$3.20,$3.20 / 1L,So Good Almond Vanilla Milk 1l,Add to cart,Save to list
SAVE $1.50,$9.50,$11.00 - $19.00 / 1KG,Mainland Extra Tasty Cheese Block 500g,4.5,/,4,Add to cart,Save to list
$10.00,$20.00 / 1KG,Philadelphia Original Cream Cheese Twin Block 500g,Add to cart,Save to list
$7.00,$1.40 / 100G,Western Star Spreadable Butter Blend Tub Soft 'n' Less Salt 500g,Add to cart,Save to list
$4.50,$1.80 / 100G,Della Rosa Low Carb High Protein Pizza Base 250g,5.0,/,1,Add to cart,Save to list
$3.30,$1.38 / 100ML,Philadelphia Light Cooking Cream Tub 240ml,Add to cart,Save to list
$3.00,$2.14 / 100G,Vitasoy Oat Yoghurt Blueberry 140g,Promoted,Add to cart,Save to list
SAVE $2.30,$3.45,$5.75 - $0.75 / 100G,Ultimate Danone Double Cream Yoghurt Honey 115g x 4 Pack,Add to cart,Save to list
$6.00,$1.60 / 100G,Latina Fresh Egg Fettuccine Pasta 375g,Add to cart,Save to list
$5.00,$20.00 / 1KG,Perfect Italiano Original Ricotta Cheese Tub 250g,Add to cart,Save to list
OUT OF STOCK,Woolworths Baby Spinach & Rocket 60g,View similar,products,             to Woolworths Baby Spinach & Rocket 60g,Save to list
SAVE $1.70,$10.30,$12.00 - $17.17 / 1KG,Devondale 3 Cheese Blend Shredded Cheese 600g,4.7,/,3,Add to cart,Save to list
SAVE $2.50,$6.20,$8.70 - $34.44 / 1KG,Mersey Valley Classic Cheddar Cheese Block 180g,Promoted,Add to cart,Save to list
$7.40,$1.06 / 100G,Queensland Yoghurt Co Mango Yoghurt Tub 700g,Promoted,Add to cart,Save to list
$5.50,$2.75 / 100G,Lurpak Butter Slightly Salted 50g x 4 pack,Promoted,Add to cart,Save to list
SAVE $1.85,$5.65,$7.50 - $45.20 / 1KG,Tasmanian Heritage Oval Camembert Cheese 125g,Promoted,Add to cart,Save to list
SAVE $0.95,$3.00,$3.95 - $6.00 / 1L,Ice Break Iced Coffee Regular Flavoured Milk 500mL,Add to cart,Save to list
$7.00,$35.00 / 1KG,Lemnos Cheese Fetta 2 Pack,Add to cart,Save to list
EVERYDAY LOW PRICE,$6.20,$1.11 / 100G,Liddells Lactose Free Yoghurt Strawberry 140g x 4 Pack,Add to cart,Save to list
$4.50,$2.25 / 100G,Yumi's Roasted Capsicum & Cashew Dip 200g,Add to cart,Save to list
SAVE $1.60,$6.30,$7.90 - $0.90 / 100G,Gippsland Dairy Twist Yoghurt Passionfruit 700g,5.0,/,1,Add to cart,Save to list
$2.70,$1.93 / 100G,Vitasoy Greek Style Soy Yogurt Hint Of Mango & Passionfruit 140g,Add to cart,Save to list
$4.50,$4.50 / 1L,Australia's Own Barista Macadamia Milk 1l,Add to cart,Save to list
EVERYDAY LOW PRICE,$3.90,$3.90 / 1L,A2 Milk Full Cream Milk Lactose Free 1L,Add to cart,Save to list
$8.00,$2.46 / 100G,Rana Ricotta & Spinach Tortellini Pasta 325g,Add to cart,Save to list
$6.00,$24.00 / 1KG,Woolworths Shredded Mozzarella Cheddar & Pecorino Blend 250g,4.5,/,827,Add to cart,Save to list
$7.50,$30.00 / 1KG,Liddells Lactose Free Cheese Block 250g,5.0,/,1,Add to cart,Save to list
$7.00,$1.00 / 100G,Tamar Valley Dairy Yoghurt Blueberry & Cream 700g,4.6,/,14,Add to cart,Save to list
$7.00,$3.50 / 1L,Dare No Added Sugar Double Espresso Iced Coffee 2l,5.0,/,1,Add to cart,Save to list
EVERYDAY LOW PRICE,$4.95,$24.75 / 1KG,Thomas Dux Aged Cheddar 24 Months 200g,4.8,/,924,Add to cart,Save to list
$4.50,$2.25 / 100G,2 FOR $7.00 - $1.75/100G,Chris' Dips Traditional Hommus 200g,Add to cart,Save to list
SAVE $0.40,$1.50,$1.90 - $1.25 / 100G,Foster Clark's Snak Pack Chocolate Flavoured Custard Pouch 120g,Add to cart,Save to list
$3.10,$3.10 / 1L,Vitasoy Almond Milky 1l,Add to cart,Save to list
EVERYDAY LOW PRICE,$6.90,$1.53 / 100G,Aunty Kath's Cookie Dough Choc Chip 450g,Add to cart,Save to list
EVERYDAY LOW PRICE,$8.20,$2.05 / 100G,Lurpak Butter Spreadable Slightly Salted 400g,5.0,/,1, Promoted,Add to cart,Save to list
SAVE $1.00,$3.50,$4.50 - $1.40 / 100G,Philadelphia Sweet Chilli Cream Cheese Pourover Tub 250g,Promoted,Add to cart,Save to list
OUT OF STOCK,YoPRO Danone High Protein Yoghurt No Added Sugar Strawberry 700g,View similar,products,             to YoPRO Danone High Protein Yoghurt No Added Sugar Strawberry 700g,Save to list
$5.50,$17.46 / 1KG,Woolworths Thai Salad Kit 315g,Add to cart,Save to list
SAVE $2.50,$6.20,$8.70 - $34.44 / 1KG,Mersey Valley Original Vintage Cheddar Cheese Block 180g,Promoted,Add to cart,Save to list
$5.70,$22.80 / 1KG,Philadelphia Original Cream Cheese Spread Tub 250g,Promoted,Add to cart,Save to list
$6.80,$1.24 / 100G,Dari's Classic Vegetable Soup 550g,Promoted,Add to cart,Save to list
SAVE $1.50,$7.00,$8.50 - $35.00 / 1KG,Castello Creamy Havarti 200g,5.0,/,1, Promoted,Add to cart,Save to list
$6.80,$1.24 / 100G,Dari's Chunky Minestrone Soup 550g,1.0,/,1, Promoted,Add to cart,Save to list
$8.00,$53.33 / 1KG,Castello Brie Double Cream 150g,Promoted,Add to cart,Save to list
EST. RESTOCK 07/04/25,Simply Eggs 12 Extra Large Cage Free Eggs 700g,View similar,products,             to Simply Eggs 12 Extra Large Cage Free Eggs 700g,Save to list
EVERYDAY LOW PRICE,$6.50,$0.68 / 100G,Yoplait Forme Zero Berry Harvest Yoghurts 6 Pack,Add to cart,Save to list
SAVE $1.05,$4.20,$5.25 - $5.60 / 1L,Dare Mocha Iced Coffee Flavoured Milk 750ml,Add to cart,Save to list
$11.95,$3.14 / 100G,2 FOR $20.00 - $2.63/100G,My Muscle Chef Beef Ravioli With Napolitana Sauce 380g,Add to cart,Save to list
$8.00,$2.29 / 100G,2 FOR $15.00 - $2.14/100G,Woolworths Beef Lasagne 350g,3.5,/,438,Add to cart,Save to list
$3.75,$1.25 / 100G,2 FOR $6.50 - $1.08/100G,Yoplait Le Rice Classic Vanilla 150g x 2 Pack,Add to cart,Save to list
SAVE $0.60,$2.40,$3.00 - $1.50 / 100G,Gippsland Dairy Mango & Blood Orange Twist Yoghurt 160g,5.0,/,1,Add to cart,Save to list
$5.00,$39.06 / 1KG,Laughing Cow Cheese Original Wedges 128g,Add to cart,Save to list
SAVE $2.50,$5.00,$7.50 - $1.11 / 100G,Leggo's Fresh Pasta Sauce Bolognese 450g,Add to cart,Save to list
$5.70,$22.80 / 1KG,Philadelphia Lactose Free Cream Cheese Block 250g,5.0,/,2,Add to cart,Save to list
SAVE $1.60,$2.40,$4.00 - $10.13 / 1L,Suntory Boss Coffee Iced Long Black 237ml,3.0,/,1,Add to cart,Save to list
$2.90,$1.81 / 100G,Cocobella Coconut Yoghurt Plus Protein Strawberry 160g,Add to cart,Save to list
SAVE $0.50,$4.70,$5.20 - $0.94 / 100G,Nuttelex Lite Margarine Spread 500g,Add to cart,Save to list
$6.60,$2.20 / 1L,Pauls Smarter White Low Fat Milk 3L,Add to cart,Save to list
$6.00,$14.63 / 1KG,Castello Cubes Fetta 410g,3.3,/,3,Add to cart,Save to list
$4.50,$9.00 / 1L,Dare Iced Double Espresso Protein No Added Sugar 500mL,Add to cart,Save to list
$6.50,$32.50 / 1KG,South Cape Reduced Fat Greek Style Fetta 200g,Add to cart,Save to list
$6.00,$40.00 / 1KG,Lemnos Crumbled Fetta Pouch Traditional 150g,4.0,/,1,Add to cart,Save to list
$4.80,$0.10 / 1EA,Dilmah Extra Strength Tea Bags 50 Pack,Promoted,Add to cart,Save to list
SAVE $2.20,$5.00,$7.20 - $0.05 / 1EA,Dilmah Premium Quality Tea Bags 100 Pack,Promoted,Add to cart,Save to list
SAVE $2.65,$6.15,$8.80 - $0.06 / 1EA,Dilmah Extra Strength Tea Bags 100 Pack,Promoted,Add to cart,Save to list
$6.50,$1.63 / 100G,Betty Crocker Vanilla Gluten Free Frosting 400g,Promoted,Add to cart,Save to list
EVERYDAY LOW PRICE,$1.60,$1.60 / 1L,Woolworths UHT Full Cream Milk 1L,4.5,/,565,Add to cart,Save to list
$1.90,$1.90 / 1L,Woolworths Free From Lactose Full Cream Milk 1l,4.5,/,762,Add to cart,Save to list
EVERYDAY LOW PRICE,$1.10,$2.75 / 1KG,Woolworths Diced Italian Tomatoes 400g,4.8,/,5,Add to cart,Save to list
EVERYDAY LOW PRICE,$1.60,$1.60 / 1L,Woolworths UHT Skim Milk 1L,4.2,/,323,Add to cart,Save to list
EVERYDAY LOW PRICE,$1.60,$1.60 / 1L,Woolworths UHT Lite Milk 1L,4.3,/,884,Add to cart,Save to list
$1.90,$1.90 / 1L,Woolworths Free From Lactose Lite Milk 1l,4.4,/,619,Add to cart,Save to list
$7.00,$1.40 / 100G,Betty Crocker Triple Chocolate Brownie Mix 500g,Promoted,Add to cart,Save to list
$2.70,$0.54 / 100G,Raguletto Red Wine Bolognese Pasta Sauce With Tomato & Garlic 500g,Promoted,Add to cart,Save to list
EVERYDAY LOW PRICE,$1.10,$11.58 / 1KG,Woolworths Tuna In Springwater 95g,4.2,/,670,Add to cart,Save to list
SAVE $0.65,$2.30,$2.95 - $24.21 / 1KG,Sirena Tuna In Oil Italian Style 95g,5.0,/,1,Add to cart,Save to list
$2.90,$2.90 / 1L,Sanitarium So Good Long Life Unsweetened Almond Milk 1l,Add to cart,Save to list
EVERYDAY LOW PRICE,$2.20,$0.32 / 100G,La Gina Italian Tomato Paste Passata 680g,4.6,/,740,Add to cart,Save to list
$2.10,$5.12 / 1KG,2 FOR $3.00 - $3.66/1KG,Ardmona Crushed Vine Ripened Tomatoes 400g,Add to cart,Save to list
EVERYDAY LOW PRICE,$6.00,$0.50 / 100G,Weet - Bix Breakfast Cereal 1.2kg,5.0,/,1,Add to cart,Save to list
$1.20,$2.86 / 1KG,Woolworths Corn Sweet Kernels 420g,4.6,/,1151,Add to cart,Save to list
SAVE $0.20,$2.00,$2.20 - $2.00 / 1L,Devondale 100% Pure Full Cream Milk Long Life UHT Milk 1L,5.0,/,2,Add to cart,Save to list
EVERYDAY LOW PRICE,$1.85,$0.09 / 100ML,Essentials White Vinegar 2l,4.8,/,894,Add to cart,Save to list
$1.40,$1.40 / 1KG,Essentials Plain Flour 1kg,4.8,/,609,Add to cart,Save to list
$1.80,$0.18 / 100G,Essentials Long Grain Rice 1kg,4.6,/,750,Add to cart,Save to list
EVERYDAY LOW PRICE,$0.95,$2.38 / 1KG,Essentials Diced Tomatoes 400G,4.4,/,337,Add to cart,Save to list
EVERYDAY LOW PRICE,$1.00,$0.20 / 100G,Woolworths Pasta Spaghetti 500g,4.6,/,1386,Add to cart,Save to list
EVERYDAY LOW PRICE,$1.50,$3.57 / 1KG,Macro Organic Black Bean No Added Salt 420g,4.6,/,196,Add to cart,Save to list
EVERYDAY LOW PRICE,$1.50,$3.53 / 1KG,Macro Organic Chickpeas 425g,4.6,/,2198,Add to cart,Save to list
$4.80,$0.10 / 1EA,Dilmah Extra Strength Tea Bags 50 Pack,Promoted,Add to cart,Save to list
SAVE $2.20,$5.00,$7.20 - $0.05 / 1EA,Dilmah Premium Quality Tea Bags 100 Pack,Promoted,Add to cart,Save to list
SAVE $2.65,$6.15,$8.80 - $0.06 / 1EA,Dilmah Extra Strength Tea Bags 100 Pack,Promoted,Add to cart,Save to list
$6.50,$1.63 / 100G,Betty Crocker Vanilla Gluten Free Frosting 400g,Promoted,Add to cart,Save to list
EVERYDAY LOW PRICE,$1.60,$1.60 / 1L,Woolworths UHT Full Cream Milk 1L,4.5,/,565,Add to cart,Save to list
$1.90,$1.90 / 1L,Woolworths Free From Lactose Full Cream Milk 1l,4.5,/,762,Add to cart,Save to list
EVERYDAY LOW PRICE,$1.10,$2.75 / 1KG,Woolworths Diced Italian Tomatoes 400g,4.8,/,5,Add to cart,Save to list
$6.50,$1.63 / 100G,Betty Crocker Chocolate Fudge Gluten Free Frosting 400g,Promoted,Add to cart,Save to list
$4.60,$0.94 / 100G,Leggo's Creamy Carbonara Pasta Sauce With Fresh Cream Onion& Cheese 490g,Promoted,Add to cart,Save to list
SAVE $1.30,$4.70,$6.00 - $3.09 / 100G,Nature Valley Salted Caramel Protein Bars 4 pack,Promoted,Add to cart,Save to list
EVERYDAY LOW PRICE,$1.25,$0.05 / 10G,Woolworths Minced Garlic 250g,4.5,/,2730,Add to cart,Save to list
$1.90,$0.76 / 100G,Woolworths Microwave Basmati Rice 250g,4.4,/,592,Add to cart,Save to list
EVERYDAY LOW PRICE,$2.30,$1.05 / 100G,Woolworths Panko Bread Crumbs 220g,4.7,/,1798,Add to cart,Save to list
SAVE $1.65,$1.65,$3.30 - $1.65 / 1L,Vitasoy Oat Milk 1l,Add to cart,Save to list
EVERYDAY LOW PRICE,$2.20,$0.88 / 100G,Woolworths Brown Rice Microwave Cups 2 Pack,4.5,/,616,Add to cart,Save to list
EVERYDAY LOW PRICE,$1.40,$0.28 / 100G,Essentials Tomato Paste 500g,4.5,/,1511,Add to cart,Save to list
SAVE $1.40,$5.55,$6.95 - $0.11 / 1EA,Madura Organic Green Tea Bags 50 Pack,Promoted,Add to cart,Save to list
$1.80,$4.50 / 100G,2 FOR $3.00 - $3.75/100G,McCormick Slow Cooker Beef & Red Wine Casserole Recipe Base 40g,Promoted,Add to cart,Save to list
$24.95,$13.13 / 100G,Nutra Organics Beef Bone Broth Natural Beef 190g,Promoted,Add to cart,Save to list
SAVE $1.30,$4.70,$6.00 - $3.09 / 100G,Nature Valley Peanut & Chocolate Protein Bars 4 pack,Promoted,Add to cart,Save to list
SAVE $1.00,$3.00,$4.00 - $3.00 / 1L,Sanitarium So Good Barista Edition Almond Milk 1l,Add to cart,Save to list
$0.55,$1.38 / 100G,Essentials Packet Soup Mix French Onion 40g,4.5,/,1175,Add to cart,Save to list
$9.00,$1.91 / 100G,Kellogg's Nutri Grain Protein Breakfast Cereal 470g,Add to cart,Save to list
$2.00,$2.00 / 1L,Woolworths Unsweetened Almond Milk 1l,4.2,/,1493,Add to cart,Save to list
EVERYDAY LOW PRICE,$2.00,$20.00 / 1KG,Essentials Parmesan Cheese 100g,4.0,/,935,Add to cart,Save to list
EVERYDAY LOW PRICE,$2.25,$4.50 / 1KG,Essentials Cornflour 500g,4.6,/,603,Add to cart,Save to list
$2.70,$1.35 / 1KG,Essentials Self Raising Flour 2kg,4.8,/,251,Add to cart,Save to list
OUT OF STOCK,Woolworths Chickpeas No Added Salt 420g,4.5,/,834,View similar,products,             to Woolworths Chickpeas No Added Salt 420g,Save to list
EVERYDAY LOW PRICE,$3.50,$0.93 / 100G,Cottee's Strawberry Jam 375g,Add to cart,Save to list
EVERYDAY LOW PRICE,$1.00,$0.20 / 100G,Woolworths Pasta Macaroni 500g,4.6,/,1336,Add to cart,Save to list
EVERYDAY LOW PRICE,$1.00,$1.43 / 100G,Choice Chicken Noodle Cup 70g,Add to cart,Save to list
$2.20,$0.22 / 100G,Essentials Caster Sugar 1kg,4.9,/,2745,Add to cart,Save to list
EVERYDAY LOW PRICE,$1.80,$0.18 / 100G,Essentials Raw Sugar 1kg,4.8,/,902,Add to cart,Save to list
EVERYDAY LOW PRICE,$1.00,$0.20 / 100G,Woolworths Pasta Penne Rigate 500g,4.2,/,593,Add to cart,Save to list
SAVE $0.70,$1.80,$2.50 - $3.00 / 100G,Maggi Chicken Flavour Cup Instant Noodles 60g,4.6,/,23,Add to cart,Save to list
EVERYDAY LOW PRICE,$2.50,$0.60 / 100G,Woolworths Pizza Sauce Squeeze Bottle 415g,4.4,/,281,Add to cart,Save to list
EVERYDAY LOW PRICE,$1.85,$0.97 / 100G,Woolworths Pesto Basil 190g,4.2,/,988,Add to cart,Save to list
EVERYDAY LOW PRICE,$2.10,$0.42 / 100ML,Woolworths Tomato Sauce Squeeze 500ml,4.7,/,1397,Add to cart,Save to list
$7.00,$1.40 / 100G,Betty Crocker Cinnamon Crumble Muffin Mix 500g,Promoted,Add to cart,Save to list
$6.50,$1.63 / 100G,Betty Crocker Chocolate Fudge Gluten Free Frosting 400g,Promoted,Add to cart,Save to list
$4.60,$0.94 / 100G,Leggo's Creamy Carbonara Pasta Sauce With Fresh Cream Onion& Cheese 490g,Promoted,Add to cart,Save to list
SAVE $1.30,$4.70,$6.00 - $3.09 / 100G,Nature Valley Salted Caramel Protein Bars 4 pack,Promoted,Add to cart,Save to list
EVERYDAY LOW PRICE,$1.25,$0.05 / 10G,Woolworths Minced Garlic 250g,4.5,/,2730,Add to cart,Save to list
$1.90,$0.76 / 100G,Woolworths Microwave Basmati Rice 250g,4.4,/,592,Add to cart,Save to list
EVERYDAY LOW PRICE,$2.30,$1.05 / 100G,Woolworths Panko Bread Crumbs 220g,4.7,/,1798,Add to cart,Save to list
SAVE $1.65,$1.65,$3.30 - $1.65 / 1L,Vitasoy Oat Milk 1l,Add to cart,Save to list
SAVE $0.40,$1.60,$2.00 - $3.90 / 1KG,Leggo's Australian Grown Crushed Tomatoes 410g,Promoted,Add to cart,Save to list
$2.00,$0.40 / 10G,2 FOR $3.50 - $0.35/10G,Woolworths Garlic Powder 50g,4.5,/,748,Add to cart,Save to list
$4.20,$0.84 / 100ML,MasterFoods Barbecue Sauce 500ml,4.7,/,30,Add to cart,Save to list
$2.10,$5.25 / 1KG,2 FOR $3.00 - $3.75/1KG,Ardmona Diced Vine Ripened Tomatoes 400g,Add to cart,Save to list
$4.50,$4.50 / 1L,Australia's Own Barista Almond 1l,Add to cart,Save to list
$1.70,$9.19 / 1KG,Essentials Tuna Chunks In Spring Water 185g,3.7,/,22,Add to cart,Save to list
$4.40,$1.17 / 100G,Mission Street Mini Tacos 10 Pack,Add to cart,Save to list
$5.50,$5.50 / 1L,MILKLAB Almond Milk Home Barista Edition 1L,Add to cart,Save to list
$3.00,$3.00 / 1L,Pauls Zymil Lactose Free Full Cream Long Life Milk 1l,Add to cart,Save to list
SAVE $0.65,$2.30,$2.95 - $0.46 / 100G,San Remo Spaghetti Pasta No 5 500g,Add to cart,Save to list
$2.30,$0.05 / 10G,Woolworths Minced Garlic 500g,4.5,/,991,Add to cart,Save to list
$3.30,$0.33 / 100G,Essentials Brown Sugar 1kg,4.8,/,2962,Add to cart,Save to list
$1.40,$1.40 / 1KG,Essentials Self Raising Flour 1kg,4.9,/,627,Add to cart,Save to list
EVERYDAY LOW PRICE,$1.90,$0.19 / 100ML,Woolworths Chicken Liquid Stock 1l,4.6,/,1713,Add to cart,Save to list
EVERYDAY LOW PRICE,$2.85,$0.14 / 100G,Essentials White Sugar 2kg,4.8,/,882,Add to cart,Save to list
SAVE $0.40,$1.60,$2.00 - $3.90 / 1KG,Leggo's Australian Grown Crushed Tomatoes 410g,Promoted,Add to cart,Save to list
SAVE $2.20,$4.70,$6.90 - $3.92 / 100G,Fibre One 90 Calorie Chocolate Fudge Brownies 24g x 5 pack,Promoted,Add to cart,Save to list
$12.60,$8.40 / 1L,Sanitarium Up&Go Liquid Breakfast Choc Ice 6 Pack,Promoted,Add to cart,Save to list
EVERYDAY LOW PRICE,$10.00,$1.98 / 100G,Nature Valley Crunchy Family Variety Granola Bars 42g x 12 pack,Promoted,Add to cart,Save to list
EVERYDAY LOW PRICE,$4.70,$1.18 / 100G,Cloverdale Pure Honey Squeeze 400g,4.3,/,1342,Add to cart,Save to list
$2.60,$27.37 / 1KG,Greenseas Tuna Chunks In Springwater 95g,4.6,/,31,Add to cart,Save to list
$2.70,$28.42 / 1KG,2 FOR $5.00 - $26.32/1KG,John West Lemon & Cracked Pepper Tuna Tempters 95g,Add to cart,Save to list
EVERYDAY LOW PRICE,$1.50,$3.53 / 1KG,Macro Organic Lentils 425g,4.5,/,1295,Add to cart,Save to list
EVERYDAY LOW PRICE,$2.20,$0.88 / 100G,Woolworths Basmati Rice Microwave Cup 2 x125g,4.4,/,365,Add to cart,Save to list
EVERYDAY LOW PRICE,$2.65,$0.98 / 100G,Woolworths Sundried Tomato Strips 270g,4.4,/,1324,Add to cart,Save to list
SAVE $3.30,$7.70,$11.00 - $1.03 / 100G,Nutella Hazelnut Chocolate Spread 750g,5.0,/,2,Add to cart,Save to list
$4.60,$0.92 / 100G,Leggo's Bolognese - Chunky Tomato Garlic & Herbs Pasta Sauce 500g,Add to cart,Save to list
LOWER AUTUMN PRICE,$2.70,$2.70 / 1L,RANGE WAS $3 - 25/02/2025,Liddells Lactose Free Full Cream Long Life UHT Milk 1L,Add to cart,Save to list
$3.00,$3.00 / 1L,Pauls Zymil Lactose Free Low Fat Long Life Milk 1l,Add to cart,Save to list
EVERYDAY LOW PRICE,$1.10,$11.58 / 1KG,Woolworths Lemon And Pepper Tuna 95g,4.1,/,312,Add to cart,Save to list
$9.50,$1.36 / 100G,Kellogg's Sultana Bran Breakfast Cereal 700g,Add to cart,Save to list
$3.80,$0.51 / 100ML,Woolworths Vegetable Oil 750ml,5.0,/,2,Add to cart,Save to list
EVERYDAY LOW PRICE,$2.35,$0.59 / 100ML,Macro Organic Coconut Milk 400ml,4.6,/,1546,Add to cart,Save to list
EVERYDAY LOW PRICE,$3.00,$3.00 / 1L,Vitasoy Calci Plus Soy Milk 1l,Add to cart,Save to list
EVERYDAY LOW PRICE,$6.90,$0.78 / 100G,Kellogg's Corn Flakes Breakfast Cereal 890g,Add to cart,Save to list
$1.90,$0.76 / 100G,Woolworths Microwave Long Grain White Rice 250g,4.3,/,1432,Add to cart,Save to list
$3.00,$0.60 / 100G,Macro Organic Rolled Oats 500g,4.5,/,1059,Add to cart,Save to list
$2.50,$0.50 / 100G,Macro Organic Pasta Sauce Chunky Tomato Garlic Basil 500g,4.2,/,1258,Add to cart,Save to list
$5.90,$0.12 / 1EA,Madura English Breakfast Tea Bags 50 Pack 100g,Promoted,Add to cart,Save to list
$2.50,$0.50 / 100G,Macro Organic Pasta Sauce Chunky Tomato Garlic Basil 500g,4.2,/,1258,Add to cart,Save to list
$4.00,$0.80 / 10G,Woolworths Pepper Grinder Black Peppercorn 50g,4.7,/,959,Add to cart,Save to list
$1.95,$0.39 / 100G,Macro Organic Spirals Pasta 500g,4.6,/,1019,Add to cart,Save to list
$4.90,$9.80 / 1KG,Woolworths Coconut Fine Desiccated 500g,4.8,/,1430,Add to cart,Save to list
EVERYDAY LOW PRICE,$1.00,$0.20 / 100G,Woolworths Pasta Fettuccine 500g,4.5,/,2099,Add to cart,Save to list
EVERYDAY LOW PRICE,$2.90,$1.45 / 100G,Your Condiment Co Dijon Mustard 200g,Add to cart,Save to list
$14.50,$9.67 / 100G,Nescafe Blend 43 Instant Coffee Jar 150g,3.9,/,140,Add to cart,Save to list
EVERYDAY LOW PRICE,$1.10,$11.58 / 1KG,Woolworths Tuna Sweet Chilli 95g,4.1,/,1441,Add to cart,Save to list
EVERYDAY LOW PRICE,$1.10,$11.58 / 1KG,Woolworths Tuna Chilli 95g,3.8,/,317,Add to cart,Save to list
SAVE $1.20,$2.80,$4.00 - $1.70 / 100G,Arnotts Shapes Vegemite & Cheese Cracker Biscuits 165g,Promoted,Add to cart,Save to list
SAVE $0.40,$1.60,$2.00 - $4.00 / 1KG,Leggo's Australian Grown Diced Tomatoes 400g,Promoted,Add to cart,Save to list
SAVE $2.20,$4.70,$6.90 - $1.87 / 100G,Nature Valley Crunchy Oats & Honey Granola Bars 42g x 6 pack,Promoted,Add to cart,Save to list
$6.80,$9.07 / 1L,Sanitarium Up&Go Liquid Breakfast Vanilla Ice 3 Pack,Promoted,Add to cart,Save to list
$3.75,$10.00 / 1KG,Woolworths Sultanas 375g,4.4,/,771,Add to cart,Save to list
SAVE $0.25,$2.20,$2.45 - $2.20 / 1L,Vitasoy Soy Milky Lite 1l,Add to cart,Save to list
SAVE $0.70,$2.80,$3.50 - $0.56 / 100G,Barilla Pasta Spaghetti 500g,Add to cart,Save to list
EVERYDAY LOW PRICE,$2.50,$0.25 / 100G,Woolworths Brown Rice Grain 1kg,4.6,/,830,Add to cart,Save to list
$2.40,$3.43 / 100G,Suimin Brasied Beef Noodle Cup 70g,Add to cart,Save to list
EVERYDAY LOW PRICE,$2.10,$0.42 / 100ML,Woolworths Barbecue Sauce Squeeze 500ml,4.5,/,1205,Add to cart,Save to list
$2.00,$2.00 / 1L,Macro Organic Soy Long Life Milk 1l,3.9,/,1005,Add to cart,Save to list
SAVE $1.20,$4.30,$5.50 - $1.43 / 100G,Kewpie Japanese Mayonnaise 300g,5.0,/,1,Add to cart,Save to list
$2.00,$0.67 / 10G,2 FOR $3.50 - $0.58/10G,Woolworths Cumin Ground Ground 30g,4.6,/,715,Add to cart,Save to list
$5.80,$1.55 / 100G,Mayver's Smooth Peanut Butter 375g,Add to cart,Save to list
EVERYDAY LOW PRICE,$3.80,$7.60 / 1KG,Edgell Corn Kernels Multipack Snacks Ready to Eat 125g x 4 Pack,5.0,/,1,Add to cart,Save to list
SAVE $0.20,$2.00,$2.20 - $2.00 / 1L,Devondale Skim Milk Long Life UHT Milk 1L,Add to cart,Save to list
$3.95,$0.40 / 100G,Essentials Icing Sugar Mixture 1kg,4.7,/,1176,Add to cart,Save to list
EVERYDAY LOW PRICE,$1.50,$3.53 / 1KG,Macro Organic Red Kidney Beans 425g,4.5,/,1873,Add to cart,Save to list
EVERYDAY LOW PRICE,$13.00,$1.30 / 100G,Nutella Hazelnut Chocolate Spread 1kg,4.3,/,6,Add to cart,Save to list
$6.80,$9.07 / 1L,Sanitarium Up&Go Liquid Breakfast Vanilla Ice 3 Pack,Promoted,Add to cart,Save to list
SAVE $2.20,$4.70,$6.90 - $4.48 / 100G,Fibre One 90 Calorie Milk Chocolate Popcorn Bars 21g x 5 pack,Promoted,Add to cart,Save to list
SAVE $1.40,$5.30,$6.70 - $7.07 / 1L,Sustagen High Protein Nutrition Top-Up Vanilla Flavour Ready To Drink 250mL x 3 pack,Promoted,Add to cart,Save to list
SAVE $2.20,$4.70,$6.90 - $3.92 / 100G,Fibre One 90 Calorie Salted Caramel Squares 24g x 5 pack,Promoted,Add to cart,Save to list
$3.50,$0.50 / 100G,Val Verde Passata Sauce 700g,Add to cart,Save to list
$1.10,$2.62 / 1KG,Woolworths Four Bean Mix No Added Salt Can 420g,4.6,/,1224,Add to cart,Save to list
$8.50,$2.10 / 100G,Old El Paso Soft Taco Dinner Kit Mexican Style 405g,Add to cart,Save to list
$2.60,$27.37 / 1KG,Greenseas Tuna Tomato & Onion 95g,Add to cart,Save to list
SAVE $2.65,$6.15,$8.80 - $0.06 / 1EA,Dilmah Extra Strength Tea Bags 100 Pack,Promoted,Add to cart,Save to list
$6.50,$1.63 / 100G,Betty Crocker Vanilla Gluten Free Frosting 400g,Promoted,Add to cart,Save to list
$7.00,$1.40 / 100G,Betty Crocker Triple Chocolate Brownie Mix 500g,Promoted,Add to cart,Save to list
$2.70,$0.54 / 100G,Raguletto Red Wine Bolognese Pasta Sauce With Tomato & Garlic 500g,Promoted,Add to cart,Save to list
$6.00,$5.00 / 1L,Devondale 100% Pure Full Cream Milk Long Life UHT Milk 200mL x 6 pack,Add to cart,Save to list
EVERYDAY LOW PRICE,$1.20,$3.00 / 100G,Continental Classics Simmer Soup French Onion 40g,Add to cart,Save to list
EVERYDAY LOW PRICE,$17.50,$5.83 / 1L,Sanitarium Up&Go Protein Energize Choc 250ml x12 Pack,5.0,/,2,Add to cart,Save to list
$2.30,$10.13 / 1KG,Dole Pineapple Pieces In Juice 227g,Add to cart,Save to list
$7.30,$1.92 / 100G,Vegemite Spread 380g,5.0,/,1,Add to cart,Save to list
EVERYDAY LOW PRICE,$3.00,$3.64 / 1KG,Woolworths Peach Slices In Juice 825g,4.2,/,1393,Add to cart,Save to list
$4.00,$2.67 / 100G,Vegemite Spread 150g,Add to cart,Save to list
EVERYDAY LOW PRICE,$1.00,$0.40 / 100ML,Woolworths Citrus Juice Lime Bottle 250mL,4.5,/,1303,Add to cart,Save to list
$2.00,$0.80 / 100G,Woolworths Lasagne Sheets 250g,4.5,/,1558,Add to cart,Save to list
SAVE $0.50,$1.70,$2.20 - $4.25 / 1KG,Edgell Black Beans Plant Protein 400g,Add to cart,Save to list
EVERYDAY LOW PRICE,$4.25,$0.14 / 100G,Essentials White Sugar 3kg,4.8,/,878,Add to cart,Save to list
$2.20,$2.93 / 100G,Indomie Mi Goreng Noodle Cup 75g,Add to cart,Save to list
$4.00,$16.00 / 100G,Obento Japanese Yaki Nori For Sushi Each,Add to cart,Save to list
EVERYDAY LOW PRICE,$2.80,$0.12 / 10G,Woolworths Crushed Ginger 230g,4.3,/,1425,Add to cart,Save to list
$1.15,$0.34 / 100G,Essentials Cake Mix Vanilla 340g,4.4,/,1178,Add to cart,Save to list
EVERYDAY LOW PRICE,$1.00,$0.20 / 100G,Woolworths Large Pasta Shells 500g,4.1,/,3463,Add to cart,Save to list
$3.00,$10.00 / 100G,2 FOR $5.40 - $9.00/100G,Old El Paso Reduced Salt Taco Spice Mix Taco Spice Mix 30g,Add to cart,Save to list
$3.00,$0.40 / 100G,Essentials Breadcrumbs 750g,4.4,/,759,Add to cart,Save to list
$7.50,$1.47 / 100G,Stubb's Sticky Sweet Bbq Sauce 510g,Promoted,Add to cart,Save to list
$9.50,$3.80 / 100G,Noya Cashew Nut Butter 250g,Promoted,Add to cart,Save to list
$4.80,$0.10 / 1EA,Dilmah Extra Strength Tea Bags 50 Pack,Promoted,Add to cart,Save to list
SAVE $2.20,$5.00,$7.20 - $0.05 / 1EA,Dilmah Premium Quality Tea Bags 100 Pack,Promoted,Add to cart,Save to list
$1.80,$4.50 / 100G,2 FOR $3.00 - $3.75/100G,McCormick Slow Cooker Country Chicken Casserole Recipe Base 40g,Promoted,Add to cart,Save to list
$7.00,$1.41 / 100G,Betty Crocker Rainbow Cookie Mix 495g,5.0,/,1, Promoted,Add to cart,Save to list
EVERYDAY LOW PRICE,$2.00,$0.40 / 100G,Zafarelli Penne Rigati Pasta No 18 500g,Add to cart,Save to list
SAVE $1.50,$6.00,$7.50 - $1.50 / 100G,Lotus Biscoff Spread 400g,Add to cart,Save to list
SAVE $0.70,$2.80,$3.50 - $0.56 / 100G,Barilla Pasta Penne Rigate 500g,Add to cart,Save to list
EVERYDAY LOW PRICE,$1.90,$0.19 / 100ML,Woolworths Beef Liquid Stock 1l,4.6,/,1765,Add to cart,Save to list
$8.60,$1.72 / 100G,Capilano 100% Pure Australian Honey Squeeze 500g,Add to cart,Save to list
SAVE $1.40,$5.55,$6.95 - $0.11 / 1EA,Madura Organic Green Tea Bags 50 Pack,Promoted,Add to cart,Save to list
$1.80,$4.50 / 100G,2 FOR $3.00 - $3.75/100G,McCormick Slow Cooker Beef & Red Wine Casserole Recipe Base 40g,Promoted,Add to cart,Save to list
$24.95,$13.13 / 100G,Nutra Organics Beef Bone Broth Natural Beef 190g,Promoted,Add to cart,Save to list
SAVE $1.30,$4.70,$6.00 - $3.09 / 100G,Nature Valley Peanut & Chocolate Protein Bars 4 pack,Promoted,Add to cart,Save to list
$2.80,$2.80 / 1L,So Good Extra Creamy Long Life Oat Milk 1L,Add to cart,Save to list
EVERYDAY LOW PRICE,$2.45,$0.49 / 100G,Essentials Bicarbonate Soda 500g,4.7,/,679,Add to cart,Save to list
$3.95,$0.40 / 100G,McKenzie's Bi Carb Soda 1kg,Add to cart,Save to list
EVERYDAY LOW PRICE,$2.75,$0.39 / 100G,Essentials Chunky Pasta Sauce 700g,4.4,/,743,Add to cart,Save to list
$2.50,$5.95 / 1KG,Edgell Super Sweet Corn Kernels 420g,Add to cart,Save to list
$4.00,$2.67 / 100ML,Chang's Sesame Oil 150ml,Add to cart,Save to list
$6.00,$1.60 / 100G,Latina Fresh Lasagne Sheets Sheets 375g,Add to cart,Save to list
SAVE $0.65,$2.30,$2.95 - $0.46 / 100G,San Remo Rigatoni Pasta No 22 500g,Add to cart,Save to list
SAVE $0.70,$1.80,$2.50 - $3.00 / 100G,Maggi Beef Flavour Cup Instant Noodles 58g,Add to cart,Save to list
EVERYDAY LOW PRICE,$1.10,$11.58 / 1KG,Woolworths Tuna Mayonnaise & Corn 95g,4.0,/,1083,Add to cart,Save to list
$2.50,$0.56 / 100G,Gardener Strawberry Jam 450g,3.7,/,1438,Add to cart,Save to list
EVERYDAY LOW PRICE,$2.70,$0.54 / 100G,Dolmio Classic Tomato With Basil Pasta Sauce 500g,Add to cart,Save to list
$6.00,$1.15 / 100G,Heinz Beanz Canned Baked Beans In Tomato Sauce 130g x 4 pack,4.7,/,57,Add to cart,Save to list
$7.00,$1.87 / 100G,Woolworths Cocoa Powder 375g,4.7,/,363,Add to cart,Save to list
$4.70,$25.41 / 1KG,Sirena Tuna In Oil Italian Style 185g,Add to cart,Save to list
EVERYDAY LOW PRICE,$2.00,$5.19 / 1L,Woolworths Evaporated Milk 385ml,4.5,/,1844,Add to cart,Save to list
SAVE $3.50,$3.50,$7.00 - $0.04 / 1EA,Lipton Quality Black Tea Bags 100 Pack,Add to cart,Save to list
$7.00,$1.40 / 100G,Betty Crocker Cinnamon Crumble Muffin Mix 500g,Promoted,Add to cart,Save to list
$6.50,$1.63 / 100G,Betty Crocker Chocolate Fudge Gluten Free Frosting 400g,Promoted,Add to cart,Save to list
$4.60,$0.94 / 100G,Leggo's Creamy Carbonara Pasta Sauce With Fresh Cream Onion& Cheese 490g,Promoted,Add to cart,Save to list
SAVE $1.30,$4.70,$6.00 - $3.09 / 100G,Nature Valley Salted Caramel Protein Bars 4 pack,Promoted,Add to cart,Save to list
EVERYDAY LOW PRICE,$1.00,$0.40 / 100ML,Woolworths Lemon Juice Bottle 250mL,4.4,/,2159,Add to cart,Save to list
SAVE $1.50,$4.50,$6.00 - $2.57 / 100G,Fixate Natural Fruit Choc Berry 5 Pack 175g,Promoted,Add to cart,Save to list
$5.90,$0.12 / 1EA,Madura Green Tea Bags 50 Pack 75g,Promoted,Add to cart,Save to list
SAVE $1.00,$3.80,$4.80 - $0.54 / 100G,Mutti Passata 700g,Add to cart,Save to list
$3.90,$1.04 / 100G,San Remo Lasagne Pasta Instant Large Fam Pack 375g,Add to cart,Save to list
$1.30,$0.31 / 100G,Woolworths Tomato Soup 420g,4.1,/,599,Add to cart,Save to list
EVERYDAY LOW PRICE,$3.75,$0.82 / 100G,Woolworths Tortillas 10 Pack,4.6,/,461,Add to cart,Save to list
SAVE $10.50,$19.50,$30.00 - $3.90 / 100G,Nescafe Blend 43 Instant Coffee Tin 500g,4.0,/,145,Add to cart,Save to list
$2.90,$2.90 / 1L,Sanitarium So Good Long Life Unsweetened Almond Coconut Milk 1l,Add to cart,Save to list
EVERYDAY LOW PRICE,$2.30,$0.58 / 100ML,TCC Coconut Milk 400ml,Add to cart,Save to list
SAVE $0.90,$3.60,$4.50 - $2.67 / 100G,Old El Paso Taco Shells Original 12 pack,Add to cart,Save to list
EVERYDAY LOW PRICE,$1.09,$6.41 / 1KG,Woolworths Passionfruit Pulp Canned 170g,4.5,/,1235,Add to cart,Save to list
EVERYDAY LOW PRICE,$3.20,$0.16 / 100G,Essentials Raw Sugar 2kg,4.8,/,1295,Add to cart,Save to list
$2.60,$27.37 / 1KG,Greenseas Tuna Sweet Chilli 95g,Add to cart,Save to list
$6.00,$8.57 / 100G,Carman's Fruit Straps Apple & Strawberry Twin Packs 5 pack,Add to cart,Save to list
SAVE $2.30,$2.30,$4.60 - $0.46 / 100G,Dolmio Extra Tomato Onion & Roast Garlic Pasta Sauce 500g,Add to cart,Save to list
$2.60,$0.87 / 10G,Mingle Taco Mexican Fiesta Recipe Base 30g,Add to cart,Save to list
EVERYDAY LOW PRICE,$2.00,$0.40 / 100G,Zafarelli Spaghetti No4 500g,Add to cart,Save to list
$1.45,$3.63 / 1KG,Woolworths Diced Australian Tomatoes 400g,4.7,/,1712,Add to cart,Save to list
EVERYDAY LOW PRICE,$17.50,$5.83 / 1L,Sanitarium Up&Go Liquid Breakfast Choc Ice 12 Pack,5.0,/,3,Add to cart,Save to list
EVERYDAY LOW PRICE,$2.20,$4.40 / 1KG,Woolworths Peaches In Juice Cups 4 Pack,4.1,/,1191,Add to cart,Save to list
SAVE $0.40,$1.60,$2.00 - $3.90 / 1KG,Leggo's Australian Grown Crushed Tomatoes 410g,Promoted,Add to cart,Save to list
SAVE $2.20,$4.70,$6.90 - $3.92 / 100G,Fibre One 90 Calorie Chocolate Fudge Brownies 24g x 5 pack,Promoted,Add to cart,Save to list
$4.00,$1.60 / 100G,Ben's Original Special Fried Rice 250g,Promoted,Add to cart,Save to list
$1.50,$15.79 / 1KG,Woolworths Salmon In Springwater 95g,4.0,/,1308,Add to cart,Save to list
$2.75,$0.61 / 100G,Woolworths Microwave Brown Rice Family Size 450g,4.4,/,468,Add to cart,Save to list
$7.20,$1.76 / 100G,Cadbury Baking Milk Chocolate Chips Value Pack 410g,Add to cart,Save to list
EVERYDAY LOW PRICE,$2.45,$0.35 / 100G,Essentials Traditional Pasta Sauce 700g,4.5,/,1130,Add to cart,Save to list
$2.60,$27.37 / 1KG,Greenseas Tuna Lemon Pepper 95g,Add to cart,Save to list
$5.00,$1.35 / 100G,Maggi 2 Minute Beef Flavour Instant Noodles 5 Pack,4.0,/,21,Add to cart,Save to list
$7.00,$1.40 / 100G,Betty Crocker Blueberry Low Fat Muffin Mix 500g,Promoted,Add to cart,Save to list
SAVE $1.50,$4.50,$6.00 - $2.57 / 100G,Fixate Natural Fruit Lemon Coconut 5 Pack 175g,Promoted,Add to cart,Save to list
$7.15,$3.58 / 100G,Madura Premium Blend Tea 200g,5.0,/,1, Promoted,Add to cart,Save to list
$6.95,$0.14 / 1EA,Madura Seven Spice Chai Tea Bags 50 pack,Promoted,Add to cart,Save to list
EVERYDAY LOW PRICE,$2.50,$0.67 / 100G,Woolworths Maple Flavoured Syrup 375g,4.5,/,1318,Add to cart,Save to list
$2.50,$5.00 / 1KG,Woolworths Pitted Dates 500g,5.0,/,1,Add to cart,Save to list
EVERYDAY LOW PRICE,$3.90,$0.98 / 100ML,Ayam Coconut Cream 400ml,Add to cart,Save to list
$2.50,$0.50 / 100G,CSR Brown Sugar 500g,Add to cart,Save to list
$3.00,$8.70 / 1KG,Woolworths Pitted Kalamata Olives 345g,4.3,/,754,Add to cart,Save to list
EVERYDAY LOW PRICE,$5.70,$1.43 / 100G,Woolworths Pure Honey 400g,4.6,/,1366,Add to cart,Save to list
EVERYDAY LOW PRICE,$3.50,$0.93 / 100G,Cottee's Raspberry Jam 375g,5.0,/,1,Add to cart,Save to list
$3.20,$3.20 / 1L,Australia's Own Unsweetened Coconut Milk 1l,Add to cart,Save to list
$8.75,$1.75 / 100ML,Macro Organic Extra Virgin Olive Oil Mediterranean 500ml,4.8,/,176,Add to cart,Save to list
SAVE $0.50,$1.70,$2.20 - $4.25 / 1KG,Edgell Australian Grown Chickpeas 400g,Add to cart,Save to list
$3.80,$0.68 / 100G,Heinz Beanz Canned Baked Beans in Tomato Sauce 555g,4.7,/,57,Add to cart,Save to list
SAVE $1.00,$4.00,$5.00 - $0.80 / 100ML,Heinz Ketchup Tomato Sauce 500ml,4.7,/,152,Add to cart,Save to list
$3.25,$3.25 / 1KG,The Healthy Baker Plain Flour Easy Store 1kg,Add to cart,Save to list
SAVE $0.70,$2.80,$3.50 - $0.56 / 100G,Barilla Pasta Fusilli 500g,Add to cart,Save to list
EVERYDAY LOW PRICE,$7.20,$0.36 / 100ML,Woolworths Vegetable Oil 2l,4.9,/,11,Add to cart,Save to list
EVERYDAY LOW PRICE,$4.70,$0.47 / 100G,Sunrice Japanese Style Sushi Rice 1kg,Add to cart,Save to list
EVERYDAY LOW PRICE,$4.40,$1.17 / 100G,Cloverdale Pure Honey Twist & Squeeze 375g,4.3,/,761,Add to cart,Save to list
$3.00,$0.80 / 100G,Vetta Smart Protein Spirals Pasta 375g,Add to cart,Save to list
SAVE $2.20,$4.70,$6.90 - $1.87 / 100G,Nature Valley Crunchy Variety Granola Bars 42g x 6 pack,Promoted,Add to cart,Save to list
$2.00,$2.00 / 10G,2 FOR $3.50 - $1.75/10G,Woolworths Oregano Leaves 10g,4.7,/,1075,Add to cart,Save to list
EVERYDAY LOW PRICE,$2.50,$0.60 / 100G,Woolworths Tomato Paste 415g,4.2,/,348,Add to cart,Save to list
$3.30,$3.30 / 1L,Vitasoy Rice Milk 1l,Add to cart,Save to list
SAVE $2.25,$2.25,$4.50 - $0.23 / 100ML,Campbell's Real Stock Chicken Salt Reduced Liquid Stock 1l,Add to cart,Save to list
EVERYDAY LOW PRICE,$7.50,$0.38 / 100G,Woolworths Basmati Rice 2kg,4.6,/,12,Add to cart,Save to list
EVERYDAY LOW PRICE,$2.50,$3.42 / 100G,Kraft Easy Mac & Cheese Dinner Macaroni Pasta Cheese Noodles 73g,4.3,/,67,Add to cart,Save to list
$3.10,$0.84 / 100G,Woolworths Crispy Rice Pops 370g,4.1,/,890,Add to cart,Save to list
$4.90,$0.49 / 100G,CSR Brown Sugar 1kg,Add to cart,Save to list
EVERYDAY LOW PRICE,$0.90,$0.18 / 100G,Essentials Pasta Spirals 500g,3.9,/,1779,Add to cart,Save to list
$2.70,$28.42 / 1KG,2 FOR $5.00 - $26.32/1KG,John West Sweet Corn & Mayonnaise Tuna Tempters 95g,5.0,/,6,Add to cart,Save to list
SAVE $0.65,$2.30,$2.95 - $0.46 / 100G,San Remo Bows Ties Pasta No 23 500g,Add to cart,Save to list
$8.00,$0.80 / 1EA,Nescafe Cappuccino Coffee Sachets 10 Pack,4.5,/,399,Add to cart,Save to list
SAVE $0.70,$2.60,$3.30 - $27.37 / 1KG,John West Skinless & Boneless Salmon In Olive Oil 95g,Add to cart,Save to list
EST. RESTOCK 07/04/25,Kellogg's Rice Bubbles Puffed Rice Breakfast Cereal 860g,View similar,products,             to Kellogg's Rice Bubbles Puffed Rice Breakfast Cereal 860g,Save to list
$2.70,$0.54 / 100G,McKenzie's Bi Carb Soda 500g,Add to cart,Save to list
EVERYDAY LOW PRICE,$1.50,$3.57 / 1KG,Macro Organic 4 Bean Mix No Added Salt 420g,4.5,/,360,Add to cart,Save to list
$3.00,$7.50 / 100G,2 FOR $5.40 - $6.75/100G,Old El Paso Fajita Spice Mix Mexican Style 40g,Add to cart,Save to list
$3.30,$0.66 / 100ML,Pearl River Bridge Soy Sauce Superior Light 500ml,Add to cart,Save to list
$5.50,$1.22 / 100G,Patak's Mild Butter Chicken Simmer Sauce 450g,Promoted,Add to cart,Save to list
SAVE $2.20,$4.70,$6.90 - $1.87 / 100G,Nature Valley Crunchy Oats & Honey Granola Bars 42g x 6 pack,Promoted,Add to cart,Save to list
$5.90,$0.12 / 1EA,Madura English Breakfast Tea Bags 50 Pack 100g,Promoted,Add to cart,Save to list
$8.00,$1.78 / 100G,Betty Crocker Chocolate Fudge Gluten Free Brownie Mix 450g,4.5,/,12, Promoted,Add to cart,Save to list
SAVE $2.40,$3.60,$6.00 - $1.80 / 100G,Cadbury Baking White Chocolate Chips 200g,Add to cart,Save to list
EVERYDAY LOW PRICE,$7.40,$0.98 / 100G,Bega Crunchy Peanut Butter 755g,Add to cart,Save to list
$5.20,$0.79 / 100G,Heinz Beanz Canned Baked Beans In Tomato Sauce Multipack 220g x 3 pack,4.7,/,57,Add to cart,Save to list
$3.60,$0.33 / 10G,Woolworths Pink Himalayan Salt Grinder 110g,4.7,/,1199,Add to cart,Save to list
$2.60,$27.37 / 1KG,Greenseas Sandwich Tuna Flakes 95g,Add to cart,Save to list
$2.00,$0.67 / 10G,2 FOR $3.50 - $0.58/10G,Woolworths Paprika Ground 30g,4.6,/,1114,Add to cart,Save to list
$7.50,$1.47 / 100G,Stubb's Hickory Bourbon Bbq Sauce Sauce 510g,Promoted,Add to cart,Save to list
$24.95,$13.13 / 100G,Nutra Organics Beef Bone Broth Native Herbs 190g,Promoted,Add to cart,Save to list
SAVE $1.00,$2.90,$3.90 - $3.22 / 100G,Belladotti Salad Toppers Crispy Onions 90g,Promoted,Add to cart,Save to list
SAVE $2.20,$4.70,$6.90 - $3.92 / 100G,Fibre One 90 Calorie Lemon Drizzle Squares 5 Pack 120g,Promoted,Add to cart,Save to list
LOWER AUTUMN PRICE,$2.70,$2.70 / 1L,RANGE WAS $3 - 25/02/2025,Liddells Lactose Free Low Fat Long Life Uht Milk 1L,Add to cart,Save to list
$2.50,$0.50 / 100G,CSR Icing Sugar Pure 500g,Add to cart,Save to list
SAVE $1.50,$3.50,$5.00 - $1.40 / 100G,Old El Paso Mini Taco Tortilla Wraps 10 pack,Add to cart,Save to list
$4.00,$8.00 / 100ML,Queen Organic Vanilla Extract 50ml,Add to cart,Save to list
$1.90,$4.63 / 1KG,Woolworths Baby Corn Spears 410g Can,4.3,/,1140,Add to cart,Save to list
$7.90,$1.41 / 100G,Kraft Easy Mac & Cheese Dinner Macaroni Pasta Cheese Noodles 560g,4.2,/,53,Add to cart,Save to list
$8.50,$1.63 / 100G,Old El Paso Enchilada Dinner Kit 520g,Add to cart,Save to list
$2.90,$1.07 / 100ML,Ayam Coconut Milk 270ml,Add to cart,Save to list
EVERYDAY LOW PRICE,$1.90,$0.19 / 100ML,Woolworths Vegetable Liquid Stock 1l,4.6,/,1474,Add to cart,Save to list
$4.20,$0.88 / 100ML,MasterFoods Reduced Salt & Sugar Tomato Sauce 475ml,4.6,/,32,Add to cart,Save to list
EVERYDAY LOW PRICE,$1.90,$17.27 / 1KG,Safcol Sardines In Springwater 110g,Add to cart,Save to list
$2.40,$3.43 / 100G,Suimin Chicken & Prawn Noodle Cup 70g,Add to cart,Save to list
$2.40,$2.40 / 1L,Macro Organic Oat Milk Unsweetened 1l,4.0,/,751,Add to cart,Save to list
$3.50,$1.40 / 100G,Sunrice Microwave Brown Rice & Quinoa Rice Cup 125g x 2 Pack,Add to cart,Save to list
SAVE $0.30,$1.90,$2.20 - $0.95 / 100G,Erawan Rice Noodles Stick Pad Thai 200g,Add to cart,Save to list
EVERYDAY LOW PRICE,$4.80,$0.16 / 100G,Essentials Raw Sugar 3kg,4.8,/,846,Add to cart,Save to list
$2.50,$2.94 / 100G,Fantastic Chicken Noodle Bowl 85g,4.0,/,1,Add to cart,Save to list
EVERYDAY LOW PRICE,$1.10,$11.58 / 1KG,Woolworths Tuna Tomato & Basil 95g,4.2,/,1218,Add to cart,Save to list
SAVE $0.40,$1.60,$2.00 - $4.00 / 1KG,Leggo's Australian Grown Diced Tomatoes 400g,Promoted,Add to cart,Save to list
SAVE $2.20,$4.70,$6.90 - $1.87 / 100G,Nature Valley Crunchy Oats & Honey Granola Bars 42g x 6 pack,Promoted,Add to cart,Save to list
$5.90,$0.12 / 1EA,Madura English Breakfast Tea Bags 50 Pack 100g,Promoted,Add to cart,Save to list
$8.00,$1.78 / 100G,Betty Crocker Chocolate Fudge Gluten Free Brownie Mix 450g,4.5,/,12, Promoted,Add to cart,Save to list
SAVE $0.25,$2.20,$2.45 - $2.20 / 1L,Vitasoy Soy Milky Regular 1l,Add to cart,Save to list
SAVE $2.25,$2.25,$4.50 - $0.23 / 100ML,Campbell's Real Stock Beef Liquid Stock 1l,Add to cart,Save to list
EVERYDAY LOW PRICE,$1.20,$2.67 / 100G,Continental Classics Simmer Soup Chicken Noodle 45g,Add to cart,Save to list
$5.90,$0.12 / 1EA,Madura Premium Blend Tea Bags 50 Pack 100g,Promoted,Add to cart,Save to list
$5.50,$1.22 / 100G,Patak's Mango Chicken Curry Simmer Sauce 450g,Promoted,Add to cart,Save to list
$12.60,$8.40 / 1L,Sanitarium Up&Go Liquid Breakfast Banana 6 Pack,5.0,/,1, Promoted,Add to cart,Save to list
$6.50,$2.08 / 100G,Patak's Butter Chicken Curry Kit 313g,Promoted,Add to cart,Save to list
$1.70,$1.70 / 100G,Chang's Fried Noodles 100g,Add to cart,Save to list
$2.75,$18.33 / 1KG,Woolworths Cranberries 150g,4.5,/,1171,Add to cart,Save to list
$2.75,$0.55 / 100ML,Campbell's Real Stock Chicken Liquid Stock 500ml,Add to cart,Save to list
$3.00,$0.30 / 1EA,Twinings Pure Peppermint Tea Bags 10 Pack,Add to cart,Save to list
EVERYDAY LOW PRICE,$1.45,$3.63 / 1KG,Woolworths Creamed Corn 400g,4.1,/,453,Add to cart,Save to list
$4.50,$1.03 / 100G,Old El Paso Refried Beans 435g,Add to cart,Save to list
$2.70,$28.42 / 1KG,2 FOR $5.00 - $26.32/1KG,John West Naturally Smoked Tuna Tempters 95g,4.0,/,8,Add to cart,Save to list
$8.50,$2.30 / 100G,Old El Paso Taco Soft Crispy Chicken Dinner Kit Mexican Style 370g,Add to cart,Save to list
$4.00,$0.36 / 10G,Woolworths Sea Salt Grinder 110g,4.6,/,1160,Add to cart,Save to list
$9.50,$1.90 / 100G,Kellogg's Coco Pops Chex Breakfast Cereal 500g,Add to cart,Save to list
$1.95,$0.39 / 100G,Macro Organic Wholemeal Spirals 500g,4.4,/,845,Add to cart,Save to list
EVERYDAY LOW PRICE,$3.00,$0.68 / 100G,Wokka Noodles Thin Egg Style Stir Fry 440g,Add to cart,Save to list
$4.50,$1.13 / 100G,Leggo's Pizza Sauce Double Concentrate Garlic Onion & Herbs Squeeze 400g,Add to cart,Save to list
$1.25,$0.46 / 10G,Maggi Gravy Mix Roast Meat 27g,Add to cart,Save to list
$2.60,$1.04 / 100ML,Obento Japanese Rice Wine Vinegar 250ml,Add to cart,Save to list
EVERYDAY LOW PRICE,$3.30,$1.38 / 100G,Mother Earth Golden Baked Oaty Slice Raspberry Chocolate 6 Pack 240g,Add to cart,Save to list
SAVE $0.15,$1.35,$1.50 - $1.59 / 100G,Aeroplane Original Raspberry Flavoured Jelly 85g,Add to cart,Save to list
$5.30,$2.79 / 100G,Barilla Pesto Genovese Pasta Sauce 190g,Add to cart,Save to list
$4.80,$0.10 / 1EA,Dilmah Extra Strength Tea Bags 50 Pack,Promoted,Add to cart,Save to list
SAVE $2.20,$5.00,$7.20 - $0.05 / 1EA,Dilmah Premium Quality Tea Bags 100 Pack,Promoted,Add to cart,Save to list
$1.30,$13.00 / 1KG,Woolworths Sesame Seeds 100g,4.6,/,998,Add to cart,Save to list
$4.20,$1.18 / 100ML,Queen Sugar Free Maple Flavoured Syrup 355ml,5.0,/,1,Add to cart,Save to list
$9.50,$3.22 / 100G,Old El Paso Stand 'n Stuff Taco Kit Mexican Style 295g,Add to cart,Save to list
$5.50,$13.75 / 100G,Sea Friend Roasted Seaweed 8 Pack,Add to cart,Save to list
$3.00,$0.30 / 1EA,Twinings English Breakfast Tea Bags 10 Pack,Add to cart,Save to list
EVERYDAY LOW PRICE,$2.00,$0.40 / 100G,Zafarelli Spirals No 56 500g,Add to cart,Save to list
SAVE $2.65,$6.15,$8.80 - $0.06 / 1EA,Dilmah Extra Strength Tea Bags 100 Pack,Promoted,Add to cart,Save to list
$6.50,$1.63 / 100G,Betty Crocker Vanilla Gluten Free Frosting 400g,Promoted,Add to cart,Save to list
$7.00,$1.40 / 100G,Betty Crocker Triple Chocolate Brownie Mix 500g,Promoted,Add to cart,Save to list
$2.70,$0.54 / 100G,Raguletto Red Wine Bolognese Pasta Sauce With Tomato & Garlic 500g,Promoted,Add to cart,Save to list
EVERYDAY LOW PRICE,$8.00,$1.71 / 100G,Uncle Tobys Muesli Bar Yoghurt Varieties 15 Pack,Add to cart,Save to list
EVERYDAY LOW PRICE,$4.70,$24.74 / 1KG,Woolworths Walnuts Californian 190g,4.6,/,762,Add to cart,Save to list
$27.00,$2.70 / 100ML,Moro Extra Virgin Olive Oil 1l,Add to cart,Save to list
SAVE $0.70,$2.80,$3.50 - $1.70 / 100G,Gravox Traditional Liquid Gravy Pouch 165g,4.3,/,27,Add to cart,Save to list
$3.20,$1.60 / 100G,Leggo's Australian Grown Tomato Paste No Added Salt 50g x 4 pack,Add to cart,Save to list
EVERYDAY LOW PRICE,$3.80,$7.60 / 1KG,Edgell Australian Super Sweet Corn Kernels Multipack Snacks 125g x 4 Pack,Add to cart,Save to list
EVERYDAY LOW PRICE,$1.60,$0.38 / 100G,Macro Organic Baked Beans 420g,3.4,/,976,Add to cart,Save to list
$2.60,$0.26 / 100G,CSR White Sugar 1kg,Add to cart,Save to list
$2.00,$8.89 / 1KG,Edgell Australian Sliced Beetroot 225g,5.0,/,1,Add to cart,Save to list
EVERYDAY LOW PRICE,$1.75,$0.42 / 100G,Woolworths Creamed Rice 420g,3.9,/,1600,Add to cart,Save to list
$3.40,$0.68 / 100G,Woolworths Crunchy Peanut Butter 500g,4.4,/,1743,Add to cart,Save to list
EVERYDAY LOW PRICE,$2.00,$0.54 / 100G,Woolworths Apple Sauce 370g,4.5,/,364,Add to cart,Save to list
$3.50,$1.08 / 100G,Green's Pancake Mix Buttermilk Shake 325g,5.0,/,1,Add to cart,Save to list
EVERYDAY LOW PRICE,$4.30,$0.86 / 100G,Leggo's Tuna Bake Pasta Sauce 500g,Add to cart,Save to list
EVERYDAY LOW PRICE,$3.75,$4.87 / 1KG,Woolworths Apple Slices Pie Fruit 770g,4.5,/,839,Add to cart,Save to list
EVERYDAY LOW PRICE,$2.30,$0.32 / 10G,Oxo Beef Stock Cubes 71g,Add to cart,Save to list
EVERYDAY LOW PRICE,$2.00,$0.71 / 100ML,Woolworths Sweet Chilli Sauce 280ml,4.5,/,2013,Add to cart,Save to list
$7.50,$1.47 / 100G,Stubb's Sticky Sweet Bbq Sauce 510g,Promoted,Add to cart,Save to list
$7.00,$1.41 / 100G,Betty Crocker Rainbow Cookie Mix 495g,5.0,/,1, Promoted,Add to cart,Save to list
SAVE $0.70,$2.80,$3.50 - $0.56 / 100G,Barilla Pasta Risoni 500g,Add to cart,Save to list
$2.75,$0.55 / 100ML,Campbell's Real Stock Beef Liquid Stock 500ml,Add to cart,Save to list
$1.95,$0.39 / 100G,Macro Organic Spaghetti Pasta 500g,4.6,/,1928,Add to cart,Save to list
SAVE $3.75,$3.75,$7.50 - $0.89 / 100G,Kellogg's Sultana Bran High Fibre Breakfast Cereal 420g,Add to cart,Save to list
SAVE $1.15,$6.35,$7.50 - $1.27 / 100G,Mission Corn Chips Deli Round 500g,Add to cart,Save to list
$2.20,$0.52 / 100G,Campbell's Condensed Soup Cream Of Chicken 420g,Add to cart,Save to list
SAVE $0.50,$1.70,$2.20 - $4.25 / 1KG,Edgell Four Bean Mix Picked & Soaked Canned Legumes 400g,Add to cart,Save to list
SAVE $1.10,$4.40,$5.50 - $2.75 / 100G,Old El Paso Stand 'n Stuff Taco Shells Taco Shells 10 Pack,Add to cart,Save to list
SAVE $2.40,$3.60,$6.00 - $1.60 / 100G,Cadbury Baking Milk Chocolate Melts 225g,Add to cart,Save to list
EVERYDAY LOW PRICE,$3.60,$4.80 / 1KG,Woolworths Free From Gluten Plain Flour 750g,4.6,/,441,Add to cart,Save to list
$5.00,$0.50 / 100G,CSR Icing Sugar Soft Mixture 1kg,Add to cart,Save to list
SAVE $1.65,$3.85,$5.50 - $2.14 / 100G,Nice & Natural Chocolate Nut Bar Peanut & Almond 6 Pack,Add to cart,Save to list
SAVE $3.50,$3.50,$7.00 - $0.92 / 100G,Kellogg's Crunchy Nut Corn Flakes Breakfast Cereal 380g,Add to cart,Save to list
$7.50,$17.65 / 1KG,Sirena Tuna In Oil Italian Style 425g,Add to cart,Save to list
SAVE $1.40,$2.10,$3.50 - $0.84 / 100G,Sunrice Microwave White Long Grain Rice Cup 125g x 2 Pack,Add to cart,Save to list
$2.20,$8.80 / 1KG,Woolworths Shredded Coconut 250g,4.7,/,2785,Add to cart,Save to list
$1.00,$8.00 / 1KG,Deep Cove Sardines In Tomato Sauce 125g,3.8,/,1501,Add to cart,Save to list
EVERYDAY LOW PRICE,$4.60,$1.23 / 100G,Weet - Bix Gluten Free Breakfast Cereal 375g,4.6,/,42,Add to cart,Save to list
$2.70,$0.54 / 100G,Raguletto Napolitana Bolognese Pasta Sauce With Tomato & Garlic 500g,Promoted,Add to cart,Save to list
EVERYDAY LOW PRICE,$1.10,$2.75 / 1KG,Woolworths Italian Peeled Tomatoes 400g,4.5,/,2021,Add to cart,Save to list
$3.40,$3.40 / 1L,So Good High Protein Almond 1l,Add to cart,Save to list
$3.00,$0.80 / 100G,Vetta Smart Protein Penne Pasta 375g,Add to cart,Save to list
SAVE $0.50,$1.70,$2.20 - $4.25 / 1KG,Edgell Red Kidney Beans Fibre Rich 400g,Add to cart,Save to list
EVERYDAY LOW PRICE,$2.00,$4.88 / 1KG,Woolworths Potato Whole 410g,4.0,/,1739,Add to cart,Save to list
$6.80,$9.07 / 1L,Sanitarium Up&Go Protein Energize Choc 250ml x3 Pack,Add to cart,Save to list
SAVE $1.40,$5.55,$6.95 - $0.11 / 1EA,Madura Organic Green Tea Bags 50 Pack,Promoted,Add to cart,Save to list
$1.80,$4.50 / 100G,2 FOR $3.00 - $3.75/100G,McCormick Slow Cooker Beef & Red Wine Casserole Recipe Base 40g,Promoted,Add to cart,Save to list
$24.95,$13.13 / 100G,Nutra Organics Beef Bone Broth Natural Beef 190g,Promoted,Add to cart,Save to list
SAVE $1.30,$4.70,$6.00 - $3.09 / 100G,Nature Valley Peanut & Chocolate Protein Bars 4 pack,Promoted,Add to cart,Save to list
EVERYDAY LOW PRICE,$10.00,$1.16 / 100G,Maggi 2 Minute Chicken Flavour Instant Noodles 12 Pack,Add to cart,Save to list
LOWER AUTUMN PRICE,$2.70,$2.70 / 1L,RANGE WAS $3 - 25/02/2025,Liddells Lactose Free Skim Long Life UHT Milk 1L,5.0,/,1,Add to cart,Save to list
$7.00,$0.70 / 100G,Riviana Arborio Rice 1kg,Add to cart,Save to list
$4.50,$1.29 / 100G,San Remo Gluten Free Spirals 350g,Add to cart,Save to list
EVERYDAY LOW PRICE,$6.20,$2.21 / 100G,Vegemite Spread 280g,Add to cart,Save to list
$2.10,$1.62 / 100G,Mutti Tomato Paste Double Concentrate 130g,Add to cart,Save to list
$2.40,$0.48 / 100ML,2 FOR $4.30 - $0.43/100ML,Fountain Barbecue Bbq Sauce 500ml,4.6,/,34,Add to cart,Save to list
EVERYDAY LOW PRICE,$3.50,$29.17 / 1KG,Woolworths Almonds Slivered 120g,4.7,/,1474,Add to cart,Save to list
$1.00,$0.29 / 10G,Massel 7's Chicken Cubes Gluten Free 35g,5.0,/,1,Add to cart,Save to list
$4.90,$2.23 / 100G,Nutella Hazelnut Chocolate Spread 220g,Add to cart,Save to list
SAVE $2.30,$2.30,$4.60 - $0.46 / 100G,Dolmio Extra Red Wine & Italian Herbs Tomato Pasta Sauce 500g,Add to cart,Save to list
$2.45,$0.57 / 100G,Woolworths Black Sliced Olives 430g,4.2,/,1314,Add to cart,Save to list
$8.50,$0.17 / 100G,Essentials Long Grain Rice 5kg,4.5,/,463,Add to cart,Save to list
$3.50,$0.93 / 100G,Green's Pancake Mix Original Shake 375g,Add to cart,Save to list
$4.50,$1.29 / 100G,San Remo Gluten Free Spaghetti 350g,Add to cart,Save to list
$13.50,$0.17 / 1EA,Twinings Pure Peppermint Tea Bags 80 Pack,Add to cart,Save to list
SAVE $1.20,$2.80,$4.00 - $1.70 / 100G,Arnotts Shapes Vegemite & Cheese Cracker Biscuits 165g,Add to cart,Save to list
EVERYDAY LOW PRICE,$4.65,$10.94 / 1KG,Safcol Responsibly Fished Tuna In Spring Water 425g,Add to cart,Save to list
SAVE $2.20,$4.70,$6.90 - $3.92 / 100G,Fibre One 90 Calorie Chocolate Fudge Brownies 24g x 5 pack,Promoted,Add to cart,Save to list
$12.60,$8.40 / 1L,Sanitarium Up&Go Liquid Breakfast Choc Ice 6 Pack,Promoted,Add to cart,Save to list
EVERYDAY LOW PRICE,$10.00,$1.98 / 100G,Nature Valley Crunchy Family Variety Granola Bars 42g x 12 pack,Promoted,Add to cart,Save to list
SAVE $3.75,$3.75,$7.50 - $0.82 / 100G,Kellogg's Just Right Apricot & Sultana Breakfast Cereal 460g,5.0,/,1,Add to cart,Save to list
EVERYDAY LOW PRICE,$4.30,$0.86 / 100G,Leggo's Creamy Tomato & Mozzarella Pasta Bake Sauce 500g,5.0,/,1,Add to cart,Save to list
$2.00,$0.67 / 10G,2 FOR $3.50 - $0.58/10G,Woolworths Paprika Smoked 30g,4.5,/,958,Add to cart,Save to list
EVERYDAY LOW PRICE,$3.15,$1.31 / 100G,Woolworths Taco Sauce Mild 240g,4.0,/,1066,Add to cart,Save to list
$10.00,$3.79 / 100G,Uncle Tobys Le Snak Tasty Cheese Dip & Crackers 12 Pack,Add to cart,Save to list
SAVE $0.90,$3.60,$4.50 - $1.80 / 100G,Old El Paso Taco Sauce Mild Taco Sauce 200g,Add to cart,Save to list
$1.80,$4.50 / 100G,2 FOR $3.00 - $3.75/100G,McCormick Slow Cooker Mild Chicken Curry Recipe Base 40g,5.0,/,1, Promoted,Add to cart,Save to list
SAVE $7.80,$11.70,$19.50 - $0.39 / 1EA,Lavazza Crema E Gusto Nespresso Compatible Coffee Pods 30 Pack,5.0,/,1, Promoted,Add to cart,Save to list
SAVE $1.50,$4.50,$6.00 - $2.57 / 100G,Fixate Natural Fruit Choc Berry 5 Pack 175g,Promoted,Add to cart,Save to list
$5.90,$0.12 / 1EA,Madura Green Tea Bags 50 Pack 75g,Promoted,Add to cart,Save to list
$5.40,$2.16 / 100G,Kellogg's Rice Bubbles Puffed Rice Breakfast Cereal 250g,Add to cart,Save to list
$8.00,$0.80 / 1EA,Nescafe Cappuccino Strong Coffee Sachets 10 pack,4.5,/,297,Add to cart,Save to list
$2.70,$28.42 / 1KG,2 FOR $5.00 - $26.32/1KG,John West Oven Dried Tomato & Basil Tuna Tempters 95g,5.0,/,3,Add to cart,Save to list
$7.90,$3.95 / 100G,Carman's Protein Bars Dark Choc & Cranberry 5 pack,Add to cart,Save to list
$3.70,$0.93 / 100G,Mutti Passata Tomato Puree 400g,Add to cart,Save to list
$3.30,$7.76 / 1KG,Essentials Tuna In Oil 425g,3.9,/,158,Add to cart,Save to list
$2.40,$3.43 / 100G,Suimin Mi Goreng Noodle Cup 70g,Add to cart,Save to list
SAVE $2.20,$4.00,$6.20 - $2.29 / 100G,Carman's Oat Slices Golden Oat & Coconut 5 pack,Add to cart,Save to list
$2.30,$1.53 / 100G,Pandaroo Ingredients Rice Paper Spring Roll 150g,Add to cart,Save to list
$8.00,$0.80 / 1EA,Nescafe Caramel Latte Coffee Sachets 10 Pack,4.5,/,297,Add to cart,Save to list
$6.00,$1.18 / 100G,Weet - Bix Bites Crunchy Honey Breakfast Cereal 510g,Add to cart,Save to list
SAVE $1.00,$5.50,$6.50 - $0.63 / 100G,SPC Baked Beans Rich Tomato 220g x 4 Pack,Add to cart,Save to list
SAVE $1.35,$3.15,$4.50 - $0.32 / 100G,Sunrice Rice Jasmine 1kg,Add to cart,Save to list
$2.90,$1.07 / 100ML,Ayam Coconut Cream 270ml,Add to cart,Save to list
$3.40,$11.33 / 1KG,White Wings Cornflour 300g,Add to cart,Save to list
$3.80,$0.51 / 100ML,Woolworths Canola Oil 750ml,4.5,/,193,Add to cart,Save to list
EVERYDAY LOW PRICE,$2.95,$0.89 / 100ML,Woolworths Secret Burger Sauce 330ml,4.3,/,1322,Add to cart,Save to list
$3.70,$5.29 / 1KG,Woolworths Peach Slices In Juice 700g,4.2,/,1335,Add to cart,Save to list
$3.00,$0.60 / 100G,Macro Organic Quick Oats 500g,4.5,/,714,Add to cart,Save to list
$4.00,$3.20 / 100G,McKenzie's Cream Of Tartar 125g,Add to cart,Save to list
$7.00,$1.40 / 100G,Betty Crocker Blueberry Low Fat Muffin Mix 500g,Promoted,Add to cart,Save to list
SAVE $1.50,$4.50,$6.00 - $2.57 / 100G,Fixate Natural Fruit Lemon Coconut 5 Pack 175g,Promoted,Add to cart,Save to list
$7.15,$3.58 / 100G,Madura Premium Blend Tea 200g,5.0,/,1, Promoted,Add to cart,Save to list
$6.95,$0.14 / 1EA,Madura Seven Spice Chai Tea Bags 50 pack,Promoted,Add to cart,Save to list
$6.80,$9.07 / 1L,Sanitarium Up&Go Liquid Breakfast Choc Ice 3 Pack,Add to cart,Save to list
$1.60,$8.00 / 1KG,Woolworths Sunflower Seeds 200g,4.6,/,911,Add to cart,Save to list
$3.50,$1.25 / 100G,Leggo's Australian Grown Tomato Paste Triple Concentrate Tub 140g x 2 pack,Add to cart,Save to list
$1.85,$0.46 / 100G,Mr Chen's Hokkien Noodles 400g,Add to cart,Save to list
$6.50,$7.22 / 100G,Primo Air - Dried Salami Sticks Mild Salami 5 Pack,Add to cart,Save to list
$10.80,$1.66 / 100G,Kellogg's Coco Pops Chocolatey Breakfast Cereal 650g,Add to cart,Save to list
$6.00,$2.07 / 100G,Nestle Bakers' Choice Milk Choc Melts 290g,Add to cart,Save to list
EVERYDAY LOW PRICE,$8.00,$1.71 / 100G,Uncle Tobys Muesli Bars Choc Chip 15 Pack,4.1,/,76,Add to cart,Save to list
$3.80,$2.24 / 100G,Continental Classics Pasta & Sauce Macaroni Cheese Family Pack 170g,Add to cart,Save to list
SAVE $1.50,$4.00,$5.50 - $2.16 / 100G,Uncle Tobys Muesli Bars Chewy Choc Chip 6 Pack,4.1,/,76,Add to cart,Save to list
SAVE $0.70,$2.80,$3.50 - $0.56 / 100G,Barilla Pasta Rigatoni 500g,Add to cart,Save to list
$4.10,$1.46 / 100G,Mission Naan Bread Garlic & Herb 4 Pack,Add to cart,Save to list
SAVE $0.90,$2.10,$3.00 - $0.21 / 100G,Sunrice White Rice Premium Long Grain 1kg,Add to cart,Save to list
EVERYDAY LOW PRICE,$2.00,$0.40 / 100G,Zafarelli Fusilli Pasta No 17 500g,Add to cart,Save to list
$2.00,$1.67 / 10G,2 FOR $3.50 - $1.46/10G,Woolworths Thyme Leaves 12g,4.6,/,1080,Add to cart,Save to list
$4.00,$2.11 / 100G,Continental Classics Chicken Rice 190g,Add to cart,Save to list
SAVE $0.90,$2.00,$2.90 - $0.67 / 100G,Heinz Beanz Canned Baked Beans In Tomato Sauce 300g,4.7,/,54,Add to cart,Save to list
$3.00,$3.00 / 1L,Pauls Zymil Skim UHT Milk 1L,Add to cart,Save to list
SAVE $7.80,$11.70,$19.50 - $0.39 / 1EA,Lavazza Espresso Ristretto Nespresso Compatible Coffee Pods 30 Pack,Promoted,Add to cart,Save to list
SAVE $2.20,$4.70,$6.90 - $1.87 / 100G,Nature Valley Crunchy Variety Granola Bars 42g x 6 pack,Promoted,Add to cart,Save to list
SAVE $0.75,$2.25,$3.00 - $0.45 / 100G,San Remo Cous Cous Medium Grain 500g,Add to cart,Save to list
$1.00,$0.29 / 10G,Massel 7's Beef Cubes Gluten Free 35g,5.0,/,1,Add to cart,Save to list
$3.00,$0.40 / 100G,Sunrice Risotto Style Rice 750g,Add to cart,Save to list
$1.90,$4.75 / 1KG,Annalisa Beans Cannellini 400g,Add to cart,Save to list
$2.10,$0.04 / 10G,Essentials Iodised Table Salt Drum 500g,4.6,/,1250,Add to cart,Save to list
SAVE $0.65,$2.30,$2.95 - $0.46 / 100G,San Remo Thin Spaghetti No. 4 500g,Add to cart,Save to list
$10.80,$1.46 / 100G,Kellogg's Just Right Apricot & Sultana Breakfast Cereal 740g,Add to cart,Save to list
EVERYDAY LOW PRICE,$1.80,$0.72 / 100ML,Campbell's Real Stock Chicken Liquid Stock 250ml,Add to cart,Save to list
$3.80,$2.62 / 100G,Continental Classics Creamy Pasta Sauce Bacon Carbonara Family Pack 145g,Add to cart,Save to list
SAVE $0.65,$2.30,$2.95 - $0.46 / 100G,San Remo Risoni Pasta 500g,Add to cart,Save to list
$9.00,$1.80 / 100G,Kellogg's Special k Original Breakfast Cereal 500g,Add to cart,Save to list
SAVE $3.50,$3.50,$7.00 - $1.23 / 100G,Kellogg's Froot Loops Breakfast Cereal 285g,Add to cart,Save to list
EVERYDAY LOW PRICE,$2.00,$0.80 / 100ML,Woolworths Worcestershire Sauce 250ml,4.4,/,1735,Add to cart,Save to list
$2.80,$0.19 / 100G,Woolworths Australian Quick Oats 1.5kg,4.7,/,1415,Add to cart,Save to list
SAVE $1.65,$3.85,$5.50 - $2.01 / 100G,Nice & Natural Nut Bar Chocolate 6 Pack,Add to cart,Save to list
SAVE $0.65,$2.30,$2.95 - $0.46 / 100G,San Remo Macaroni Pasta No 38 500g,Add to cart,Save to list
$4.50,$4.09 / 100G,Kellogg's Nutri Grain Bars Original 5 Pack,Add to cart,Save to list
$7.30,$2.92 / 100G,Cadbury Baking Bournville Cocoa Powder 250g,Add to cart,Save to list
SAVE $2.20,$4.70,$6.90 - $1.87 / 100G,Nature Valley Crunchy Oats & Honey Granola Bars 42g x 6 pack,Promoted,Add to cart,Save to list
$5.90,$0.12 / 1EA,Madura English Breakfast Tea Bags 50 Pack 100g,Promoted,Add to cart,Save to list
$8.00,$1.78 / 100G,Betty Crocker Chocolate Fudge Gluten Free Brownie Mix 450g,4.5,/,12, Promoted,Add to cart,Save to list
$3.30,$7.64 / 1KG,Dole Pineapple Premium Tropical Slices In Juice 432g,Add to cart,Save to list
$14.50,$14.50 / 100G,Nescafe Gold Original Soluble Instant Coffee Jar 100g,4.3,/,92,Add to cart,Save to list
EVERYDAY LOW PRICE,$4.00,$4.00 / 100G,Woolworths Freeze Dried Coffee Original 100g,4.0,/,1428,Add to cart,Save to list
$5.00,$0.42 / 10G,Gourmet Garden Cold Blend Pastes Garlic Value 120g,Add to cart,Save to list
SAVE $1.15,$6.35,$7.50 - $1.27 / 100G,Mission White Strip Corn Chips 500g,5.0,/,2,Add to cart,Save to list
$3.25,$3.25 / 1KG,The Healthy Baker Self Raising Flour Easy Store 1kg,5.0,/,1,Add to cart,Save to list
$7.50,$1.47 / 100G,Stubb's Hickory Bourbon Bbq Sauce Sauce 510g,Promoted,Add to cart,Save to list
$24.95,$13.13 / 100G,Nutra Organics Beef Bone Broth Native Herbs 190g,Promoted,Add to cart,Save to list
SAVE $1.00,$2.90,$3.90 - $3.22 / 100G,Belladotti Salad Toppers Crispy Onions 90g,Promoted,Add to cart,Save to list
SAVE $2.20,$4.70,$6.90 - $3.92 / 100G,Fibre One 90 Calorie Lemon Drizzle Squares 5 Pack 120g,Promoted,Add to cart,Save to list
$1.90,$1.90 / 1L,Australia's Own Full Cream Long Life Milk 1l,Add to cart,Save to list
$7.50,$3.57 / 100G,"Carman's Muesli Bars Dark Choc, Cherry & Coconut 6 pack",5.0,/,1,Add to cart,Save to list
$4.80,$1.81 / 100G,Nando's Perinaise Mild Peri-Peri Mayonnaise Sauce 265g,Add to cart,Save to list
SAVE $0.15,$1.35,$1.50 - $1.59 / 100G,Aeroplane Original Strawberry Flavoured Jelly 85g,Add to cart,Save to list
$6.00,$2.78 / 100G,Old El Paso Gluten Free Tortilla Fajita Wraps 6 pack,Add to cart,Save to list
EVERYDAY LOW PRICE,$3.00,$0.68 / 100G,Wokka Shelf Fresh Thin Hokkien Noodles 440g,Add to cart,Save to list
$10.00,$2.00 / 100ML,Woolworths Extra Virgin Olive Oil 500ml,4.7,/,1465,Add to cart,Save to list
$4.00,$0.80 / 100G,La Molisana Extra Di Lusso 28 Fusilli 500g,4.6,/,510,Add to cart,Save to list
EVERYDAY LOW PRICE,$4.50,$0.81 / 100G,Praise 99% Fat Free Squeeze Mayonnaise 555g,5.0,/,1,Add to cart,Save to list
$2.80,$0.06 / 10G,Saxa Refill Value Pack Natural Rock Salt 500g,4.9,/,32,Add to cart,Save to list
EVERYDAY LOW PRICE,$2.20,$4.40 / 1KG,Woolworths Fruit Salad In Juice Cups 4 Pack,3.7,/,1641,Add to cart,Save to list
$4.70,$25.41 / 1KG,Sirena Tuna In Oil Chilli 185g,Add to cart,Save to list
EVERYDAY LOW PRICE,$2.20,$0.63 / 100G,Woolworths Original Pancake Mixer 350G,4.6,/,1295,Add to cart,Save to list
$1.15,$0.34 / 100G,Essentials Butter Cake Mix 340g,4.4,/,1194,Add to cart,Save to list
$7.00,$1.40 / 100G,Macro Organic Quinoa Tri Colour 500g,4.5,/,748,Add to cart,Save to list
$7.00,$1.59 / 100G,S&W Mayonnaise Whole Egg 440g,Add to cart,Save to list
$1.90,$0.76 / 100G,San Remo Tagliatelle Egg Noodle Pasta 250g,Add to cart,Save to list
$3.20,$0.32 / 100G,CSR Raw Sugar 1kg,4.0,/,1,Add to cart,Save to list
SAVE $0.40,$1.60,$2.00 - $4.00 / 1KG,Leggo's Australian Grown Diced Tomatoes 400g,Promoted,Add to cart,Save to list
SAVE $2.20,$4.70,$6.90 - $1.87 / 100G,Nature Valley Crunchy Oats & Honey Granola Bars 42g x 6 pack,Promoted,Add to cart,Save to list
$4.40,$10.00 / 1KG,Golden Circle Australian Canned Fruit Tinned Pineapple Slices In Juice 440g,4.6,/,32,Add to cart,Save to list
$5.50,$1.38 / 100G,Old El Paso Fajita Tortilla Wraps 10 pack,Add to cart,Save to list
$2.70,$0.54 / 100G,Raguletto Napolitana Bolognese Pasta Sauce With Tomato & Garlic 500g,Add to cart,Save to list
EVERYDAY LOW PRICE,$2.20,$0.55 / 100G,Woolworths Golden Syrup 400g,4.6,/,1882,Add to cart,Save to list
$5.90,$0.12 / 1EA,Madura Premium Blend Tea Bags 50 Pack 100g,Promoted,Add to cart,Save to list
$5.50,$1.22 / 100G,Patak's Mango Chicken Curry Simmer Sauce 450g,Promoted,Add to cart,Save to list
$12.60,$8.40 / 1L,Sanitarium Up&Go Liquid Breakfast Banana 6 Pack,5.0,/,1, Promoted,Add to cart,Save to list
$6.50,$2.08 / 100G,Patak's Butter Chicken Curry Kit 313g,Promoted,Add to cart,Save to list
$3.10,$3.10 / 1L,Australia's Own Unsweetened Almond Milk 1l,Add to cart,Save to list
$8.00,$1.51 / 100G,Kellogg's All-Bran High Fibre Breakfast Cereal 530g,Add to cart,Save to list
SAVE $0.50,$2.50,$3.00 - $2.94 / 100G,Continental Classics Pasta & Sauce Creamy Bacon Carbonara 85g,5.0,/,1,Add to cart,Save to list
$2.70,$28.42 / 1KG,2 FOR $5.00 - $26.32/1KG,John West Zesty Vinaigrette Tuna Tempters 95g,5.0,/,1,Add to cart,Save to list
$4.00,$0.80 / 100G,La Molisana Pastificio Extra Di Lusso Rigatoni Divini 500g,4.5,/,561,Add to cart,Save to list
$4.50,$4.50 / 1L,Australia's Own Barista Oat Milk 1l,Add to cart,Save to list
$7.90,$1.32 / 100ML,Kikkoman Soy Sauce Soy 600ml,Add to cart,Save to list
EVERYDAY LOW PRICE,$13.50,$0.34 / 100ML,Woolworths Blended Vegetable Oil 4l,4.5,/,4,Add to cart,Save to list
$2.40,$3.43 / 100G,Suimin Oriental Chicken Cup 70g,Add to cart,Save to list
$3.30,$7.64 / 1KG,Dole Pineapple Premium Tropical Chunks 432g,Add to cart,Save to list
SAVE $0.35,$2.90,$3.25 - $12.89 / 1KG,Golden Circle Australian Canned Fruit Tinned Pineapple Pieces In Juice 225g,4.6,/,33,Add to cart,Save to list
$6.00,$8.57 / 100G,Carman's Apple & Blueberry Fruit Straps 5 Pack,Add to cart,Save to list
$15.00,$1.50 / 100G,Woolworths Coffee Beans Espresso 1kg,4.4,/,455,Add to cart,Save to list
$2.50,$0.59 / 100G,SPC Baked Beans Rich Tomato 425g,Add to cart,Save to list
$2.75,$0.55 / 100ML,Campbell's Real Stock Chicken Salt Reduced Liquid Stock 500ml,Add to cart,Save to list
$2.70,$28.42 / 1KG,2 FOR $5.00 - $26.32/1KG,John West Sweet Chilli Tuna Tempters 95g,4.6,/,9,Add to cart,Save to list
EVERYDAY LOW PRICE,$3.50,$0.70 / 100ML,Macro Apple Cider Vinegar 500ml,4.5,/,856,Add to cart,Save to list
$6.00,$2.40 / 100G,Macro Natural Almond Spread 250g,4.3,/,294,Add to cart,Save to list
$6.80,$9.07 / 1L,Sanitarium Up&Go Liquid Breakfast Vanilla Ice 3 Pack,Promoted,Add to cart,Save to list
SAVE $2.20,$4.70,$6.90 - $4.48 / 100G,Fibre One 90 Calorie Milk Chocolate Popcorn Bars 21g x 5 pack,Promoted,Add to cart,Save to list
EVERYDAY LOW PRICE,$1.10,$11.58 / 1KG,Woolworths Tuna Mexican Style 95g,3.8,/,791,Add to cart,Save to list
SAVE $2.65,$6.15,$8.80 - $0.06 / 1EA,Dilmah Extra Strength Tea Bags 100 Pack,Promoted,Add to cart,Save to list
$6.50,$1.63 / 100G,Betty Crocker Vanilla Gluten Free Frosting 400g,Promoted,Add to cart,Save to list
$7.00,$1.40 / 100G,Betty Crocker Triple Chocolate Brownie Mix 500g,Promoted,Add to cart,Save to list
$2.70,$0.54 / 100G,Raguletto Red Wine Bolognese Pasta Sauce With Tomato & Garlic 500g,Promoted,Add to cart,Save to list
$2.00,$1.33 / 10G,Hoyt's Bay Leaves 15G,Add to cart,Save to list
$9.00,$9.00 / 1KG,Sunbeam Sultanas 1kg,Add to cart,Save to list
SAVE $0.15,$1.35,$1.50 - $1.59 / 100G,Aeroplane Original Lime Flavoured Jelly 85g,Add to cart,Save to list
$2.20,$5.24 / 1KG,Edgell Corn Kernels No Added Salt 420g,Add to cart,Save to list
$3.80,$2.62 / 100G,Continental Classics Pasta & Sauce Alfredo Family Pack 145g,Add to cart,Save to list
$2.30,$10.13 / 1KG,Dole Premium Tropical Pineapple Slices In Juice 227g,Add to cart,Save to list
$3.20,$1.60 / 100G,Leggo's Australian Grown Tomato Paste Triple Concentrate Sachet 50g x 4 pack,Add to cart,Save to list
EST. RESTOCK 08/04/25,Woolworths Almonds Flaked 120g,4.7,/,1287,Add to cart,Save to list
$8.00,$0.80 / 1EA,Nescafe Vanilla Latte Coffee Sachets 10 Pack,4.6,/,242,Add to cart,Save to list
SAVE $1.00,$1.00,$2.00 - $0.17 / 10G,Vegeta Beef Stock Cubes 60g,5.0,/,1,Add to cart,Save to list
$3.80,$1.73 / 100G,Kellogg's Corn Flakes Breakfast Cereal 220g,5.0,/,1,Add to cart,Save to list
SAVE $1.40,$2.10,$3.50 - $0.84 / 100G,Sunrice Microwave Jasmine Rice Pouch 250g,Add to cart,Save to list
SAVE $1.20,$2.60,$3.80 - $0.68 / 100G,Green's Brownie Mix Chocolate 380g,Add to cart,Save to list
EVERYDAY LOW PRICE,$3.50,$11.67 / 1L,Nestle Carnation Lite Cooking Cream 300ml,Add to cart,Save to list
EVERYDAY LOW PRICE,$1.30,$3.25 / 1KG,Woolworths Italian Tomatoes With Onion Garlic & Basil 400g,Add to cart,Save to list
SAVE $0.40,$2.30,$2.70 - $2.88 / 1KG,Annalisa Diced Tomatoes 800g,Add to cart,Save to list
EVERYDAY LOW PRICE,$3.80,$4.61 / 1KG,Edgell Australian Sliced Beetroot 825g,Add to cart,Save to list
$2.00,$0.67 / 10G,2 FOR $3.50 - $0.58/10G,Woolworths Turmeric Ground 30g,4.6,/,363,Add to cart,Save to list
$7.00,$1.40 / 100G,Betty Crocker Frosted Chocolate Brownie Mix 500g,Promoted,Add to cart,Save to list
SAVE $1.50,$4.50,$6.00 - $2.57 / 100G,Fixate Natural Fruit Mango Passion5 Pack 175g,Promoted,Add to cart,Save to list
SAVE $7.80,$18.20,$26.00 - $3.64 / 100G,Lavazza Espresso Barista Intenso Coffee Beans 500g,Promoted,Add to cart,Save to list
EVERYDAY LOW PRICE,$2.80,$2.80 / 1L,Australia's Own A2 Protein Full Cream UHT Milk 1L,5.0,/,1,Add to cart,Save to list
$3.00,$0.30 / 1EA,Twinings Lemon & Ginger Tea Bags 10 Pack 15g,Add to cart,Save to list
$1.70,$9.19 / 1KG,Essentials Tuna In Oil 185g,4.3,/,1562,Add to cart,Save to list
SAVE $2.30,$2.30,$4.60 - $0.47 / 100G,Dolmio Creamy Carbonara Pasta Sauce 490g,Add to cart,Save to list
$4.50,$0.78 / 100G,Mission Original Tortillas 12 Pack,Add to cart,Save to list
$4.50,$1.13 / 100G,Mutti Parma Sugo Semplice Parmigiano Reggiano Pasta Sauce 400g,Add to cart,Save to list
$4.50,$0.09 / 1EA,Dilmah Ceylon Tea Bags 50 Pack,Promoted,Add to cart,Save to list
EVERYDAY LOW PRICE,$9.50,$3.96 / 100G,Fibre One Chocolate Fudge Brownie Bars 10 Pack,Promoted,Add to cart,Save to list
$1.80,$4.50 / 100G,2 FOR $3.00 - $3.75/100G,McCormick Slow Cooker Country Chicken Casserole Recipe Base 40g,Promoted,Add to cart,Save to list
$7.00,$1.41 / 100G,Betty Crocker Rainbow Cookie Mix 495g,5.0,/,1, Promoted,Add to cart,Save to list
EVERYDAY LOW PRICE,$2.50,$1.56 / 100G,San Remo La Pasta Macaroni Cheese 160g,Add to cart,Save to list
EVERYDAY LOW PRICE,$1.40,$1.75 / 100G,San Remo La Pasta Macaroni Cheese Single Snack 80g,5.0,/,1,Add to cart,Save to list
$2.00,$2.00 / 100G,Sshmallows White Mini Marshmallows 100g,5.0,/,1,Add to cart,Save to list
$8.90,$5.56 / 100G,Noshu Low Carb Peanut & Caramel Nougat Indulgence Bars 5 Pack,Add to cart,Save to list
$3.70,$24.67 / 1KG,Woolworths Cashews 150g,4.5,/,1047,Add to cart,Save to list
$8.00,$0.80 / 1EA,Nescafe Hazelnut Latte Coffee Sachets 10 Pack,4.6,/,245,Add to cart,Save to list
$3.00,$25.00 / 1KG,Sunbeam Australian Sultanas Mini 8 Pack,5.0,/,1,Add to cart,Save to list
EVERYDAY LOW PRICE,$9.00,$3.85 / 100G,Uncle Tobys Rollups Value Pack 15 Pack,5.0,/,1,Add to cart,Save to list
SAVE $0.50,$4.50,$5.00 - $0.12 / 10G,The Food Company Garlic Chopped 375g,5.0,/,2,Add to cart,Save to list
$4.00,$0.85 / 100G,Woolworths Traditional Mayonnaise 470g,4.4,/,1096,Add to cart,Save to list
EVERYDAY LOW PRICE,$12.50,$3.13 / 100G,Carman's Protein Bars Double Dark Choc with Belgian Chocolate 10 pack,Add to cart,Save to list
$6.50,$0.65 / 100G,Uncle Tobys Oats Traditonal Rolled Oats Porridge 1kg,4.6,/,117,Add to cart,Save to list
$5.90,$1.18 / 100ML,Maggie Beer Natural Chicken Stock 500ml,Add to cart,Save to list
SAVE $0.65,$2.30,$2.95 - $0.46 / 100G,San Remo Fettuccine Curly Pasta No 80 500g,Add to cart,Save to list
SAVE $0.45,$1.75,$2.20 - $4.27 / 1KG,Golden Circle Tinned Corn Canned Vegetables Tin Corn Kernels 410g,Add to cart,Save to list
$7.40,$1.48 / 100G,Sonora Corn Chips Salted 500G,Add to cart,Save to list
$1.90,$4.75 / 1KG,Annalisa Beans Red Kidney 400g,Add to cart,Save to list
$3.00,$8.57 / 100G,2 FOR $5.40 - $7.71/100G,Old El Paso Crispy Chicken Spice Mix Mexican Style 35g,Add to cart,Save to list
SAVE $1.40,$1.40,$2.80 - $2.33 / 100G,Continental Classics Cup a Soup Chicken With Lots Of Noodles 60g,Add to cart,Save to list
OUT OF STOCK,Nestle Bakers' Choice White Choc Melts 290g,Add to cart,Save to list
SAVE $1.40,$5.55,$6.95 - $0.11 / 1EA,Madura Organic Green Tea Bags 50 Pack,Promoted,Add to cart,Save to list
$1.80,$4.50 / 100G,2 FOR $3.00 - $3.75/100G,McCormick Slow Cooker Beef & Red Wine Casserole Recipe Base 40g,Promoted,Add to cart,Save to list
$24.95,$13.13 / 100G,Nutra Organics Beef Bone Broth Natural Beef 190g,Promoted,Add to cart,Save to list
SAVE $1.30,$4.70,$6.00 - $3.09 / 100G,Nature Valley Peanut & Chocolate Protein Bars 4 pack,Promoted,Add to cart,Save to list
SAVE $0.65,$2.30,$2.95 - $24.21 / 1KG,Sirena Tuna La Vita Lite In Oil 95g,Add to cart,Save to list
SAVE $0.65,$2.30,$2.95 - $24.21 / 1KG,Sirena Tuna La Vita Lite Chilli 95g,Add to cart,Save to list
$3.00,$0.30 / 1EA,Twinings Camomile Honey & Vanilla Tea Bags 10 Pack 15g,Add to cart,Save to list
$3.20,$1.16 / 100ML,ABC Kecap Manis Sweet Soy Sauce 275ml,Add to cart,Save to list
$6.00,$0.30 / 100ML,Fountain Tomato Sauce Value Pack 2l,4.5,/,32,Add to cart,Save to list
SAVE $2.25,$2.25,$4.50 - $0.89 / 100G,Belvita Strawberry Yoghurt Sandwich Breakfast Biscuits 5 Pack 253g,Add to cart,Save to list
EVERYDAY LOW PRICE,$1.60,$12.80 / 1KG,Edgell Australian Diced Capsicum Canned Vegetables 125g,5.0,/,1,Add to cart,Save to list
$4.00,$0.80 / 100G,La Molisana Pastificio Extra Di Lusso Spaghetti 500G,4.6,/,434,Add to cart,Save to list
EST. RESTOCK 10/04/25,Woolworths Free From Gluten Self Raising Flour 750g,4.5,/,612,Add to cart,Save to list
$2.90,$1.07 / 100ML,Ayam Coconut Milk Light 270ml,Add to cart,Save to list
EVERYDAY LOW PRICE,$4.70,$2.14 / 100G,Capilano 100% Pure Australian Honey Twist & Squeeze 220g,Add to cart,Save to list
LOWER AUTUMN PRICE,$3.80,$0.54 / 100G,RANGE WAS $4.30 - 25/02/2025,Leggo's Australian Tomato Passata Sauce With Italian Herbs 700g,Add to cart,Save to list
EVERYDAY LOW PRICE,$1.00,$1.43 / 100G,Choice Oriental Flavoured Noodle Cup Noodle Cup 70g,Add to cart,Save to list
$3.00,$7.50 / 100G,2 FOR $5.40 - $6.75/100G,Old El Paso Burrito Spice Mix Burrito Spice Mix 40g,Add to cart,Save to list
EVERYDAY LOW PRICE,$12.40,$1.24 / 100G,Kellogg's Nutri Grain Protein Breakfast Cereal Bulk Pack 1kg,5.0,/,1,Add to cart,Save to list
$4.20,$14.00 / 1KG,Woolworths Pepitas 300g,4.5,/,850,Add to cart,Save to list
$13.50,$0.14 / 1EA,Twinings Pure Green Tea Bags 100 Pack,Add to cart,Save to list
$6.00,$3.00 / 100G,Nestle Bakers' Choice Milk Choc Bits 200g,5.0,/,1,Add to cart,Save to list
$2.10,$1.05 / 100G,Pandaroo Thai Rice Noodles 200g,Add to cart,Save to list
$4.30,$5.44 / 1KG,Mutti Parma Polpa Finely Chopped Tomatoes 790g,Add to cart,Save to list
$3.00,$1.21 / 100G,Woolworths Muesli Bar Choc Chip 8 Pack,3.6,/,238,Add to cart,Save to list
EVERYDAY LOW PRICE,$7.20,$0.36 / 100ML,Woolworths Canola Oil 2l,5.0,/,3,Add to cart,Save to list
$2.30,$0.51 / 100G,Woolworths Green Stuffed Olives 450g,4.2,/,1284,Add to cart,Save to list
SAVE $0.90,$2.00,$2.90 - $0.67 / 100G,Heinz Beanz Canned Baked Breakfast Beans English Recipe 300g,4.6,/,40,Add to cart,Save to list
SAVE $0.65,$2.30,$2.95 - $0.46 / 100G,San Remo Fettuccine Pasta 500g,Add to cart,Save to list
SAVE $0.40,$3.00,$3.40 - $3.00 / 1KG,White Wings Self Raising Flour 1kg,Add to cart,Save to list
$1.65,$4.02 / 1KG,Woolworths Peach Slices In Juice 410g,4.5,/,971,Add to cart,Save to list
$6.00,$2.07 / 100G,Nestle Bakers' Choice Dark Choc Melts 290g,Add to cart,Save to list
$1.85,$0.46 / 100G,Mr Chen's Udon Noodles 400g,5.0,/,1,Add to cart,Save to list
$3.00,$0.30 / 1EA,"Twinings Strawberry, Raspberry & Loganberry Tea Bags 10 Pack",Add to cart,Save to list
$3.00,$8.57 / 100G,2 FOR $5.40 - $7.71/100G,Old El Paso Nachos Spice Mix 35g,Add to cart,Save to list
$2.00,$2.00 / 10G,2 FOR $3.50 - $1.75/10G,Woolworths Italian Dried Herbs 10g,4.7,/,469,Add to cart,Save to list
$2.20,$5.24 / 1KG,Edgell Creamed Corn 420g,Add to cart,Save to list
$5.50,$1.22 / 100G,Patak's Mild Butter Chicken Simmer Sauce 450g,Add to cart,Save to list
EVERYDAY LOW PRICE,$1.40,$16.47 / 1KG,Woolworths Chicken Springwater 85g,2.9,/,1126,Add to cart,Save to list
$2.35,$0.47 / 100G,Vetta SMART Fibre Spaghetti Pasta 500g,Add to cart,Save to list
$4.80,$0.96 / 100G,Leggo's Australian Grown Tomato Paste Triple Concentrate 500g,5.0,/,1,Add to cart,Save to list
$1.85,$4.51 / 100G,2 FOR $3.30 - $4.02/100G,Maggi Dry Recipe Bases Beef Stroganoff 41g,4.3,/,17,Add to cart,Save to list
SAVE $0.50,$2.50,$3.00 - $2.27 / 100G,Sandhurst Baby Capers In Wine Vinegar 110g,Add to cart,Save to list
$7.00,$1.40 / 100G,Betty Crocker Blueberry Low Fat Muffin Mix 500g,Promoted,Add to cart,Save to list
SAVE $1.50,$4.50,$6.00 - $2.57 / 100G,Fixate Natural Fruit Lemon Coconut 5 Pack 175g,Promoted,Add to cart,Save to list
$7.15,$3.58 / 100G,Madura Premium Blend Tea 200g,5.0,/,1, Promoted,Add to cart,Save to list
$6.95,$0.14 / 1EA,Madura Seven Spice Chai Tea Bags 50 pack,Promoted,Add to cart,Save to list
$5.50,$2.97 / 100G,Kellogg's k-Time Baked Twists Raspberry & Apple Flavour Snack Bars 5 Pack,Add to cart,Save to list
EVERYDAY LOW PRICE,$17.50,$5.83 / 1L,Sanitarium Up&Go Liquid Breakfast Vanilla Ice 12 Pack,5.0,/,3,Add to cart,Save to list
EVERYDAY LOW PRICE,$3.60,$4.36 / 1KG,Woolworths Fruit Salad In Juice 825g,3.3,/,998,Add to cart,Save to list
$4.30,$28.67 / 1KG,Woolworths Pecans 150g,4.7,/,1294,Add to cart,Save to list
$7.90,$3.95 / 100G,Carman's Protein Bars Salted Dark Choc & Almond 5 pack,Add to cart,Save to list
SAVE $0.70,$2.60,$3.30 - $27.37 / 1KG,John West Naturally Smoked Salmon Tempters 95g,Add to cart,Save to list
$4.50,$0.23 / 10G,2 FOR $5.60 - $0.14/10G,Vegeta Chicken Stock Powder 200g,Add to cart,Save to list
SAVE $1.40,$1.40,$2.80 - $2.33 / 100G,Continental Classics Cup a Soup Creamy Chicken With Croutons 60g,Add to cart,Save to list
$2.20,$0.52 / 100G,Campbell's Condensed Soup Cream Of Mushroom 420g,Add to cart,Save to list
LOWER AUTUMN PRICE,$3.20,$6.81 / 1KG,RANGE WAS $4 - 25/02/2025,Fehlbergs Jalapenos Pickled 470g,Add to cart,Save to list
$2.75,$11.00 / 1KG,McKenzie's Coconut Fine Desiccated 250g,Add to cart,Save to list
$2.25,$2.25 / 1KG,Woolworths Wholemeal Plain Flour 1kg,4.7,/,340,Add to cart,Save to list
$4.50,$0.73 / 100G,Cottee's Thick 'n' Rich Chocolate Sauce Ice Cream Topping 615g,4.5,/,39,Add to cart,Save to list
$5.50,$0.46 / 10G,Keen's Traditional Curry Powder 120g,3.0,/,2,Add to cart,Save to list
LOWER AUTUMN PRICE,$37.00,$0.98 / 100ML,WAS $49 - 25/02/2025,La Gina Extra Virgin Olive Oil 3.78L,5.0,/,1,Add to cart,Save to list
SAVE $2.25,$2.25,$4.50 - $0.23 / 100ML,Campbell's Real Stock Vegetable Liquid Stock 1l,Add to cart,Save to list
SAVE $0.70,$2.60,$3.30 - $27.37 / 1KG,John West Onion & Tomato Salmon Tempters 95g,4.0,/,4,Add to cart,Save to list
$4.00,$0.24 / 10G,Massel Stock Powder Chicken 168g,Add to cart,Save to list
SAVE $7.80,$11.70,$19.50 - $0.39 / 1EA,Lavazza Espresso Ristretto Nespresso Compatible Coffee Pods 30 Pack,Promoted,Add to cart,Save to list
SAVE $1.55,$6.15,$7.70 - $4.10 / 100G,Madura Green Leaf Tea Organic 150g,Promoted,Add to cart,Save to list
$5.90,$1.31 / 100G,Kellogg's Corn Flakes Breakfast Cereal 450g,Add to cart,Save to list
$2.50,$0.61 / 100G,Leggo's Smooth Tomato Puree 410g,Add to cart,Save to list
$10.50,$15.79 / 1KG,Woolworths Almond Meal 665g,4.7,/,556,Add to cart,Save to list
SAVE $0.15,$1.35,$1.50 - $1.59 / 100G,Aeroplane Original Berry Blue Flavoured Jelly 85g,Add to cart,Save to list
$5.00,$1.32 / 100G,Uno Penotti Hazelnut Spread 380g,Promoted,Add to cart,Save to list
SAVE $1.00,$2.90,$3.90 - $3.22 / 100G,Belladotti Salad Toppers Bacon Bits 90g,3.7,/,3, Promoted,Add to cart,Save to list
$9.50,$3.80 / 100G,Noya Abc Almond Brazil & Cashew Nut Butter 250g,Promoted,Add to cart,Save to list
SAVE $2.20,$4.70,$6.90 - $1.87 / 100G,Nature Valley Crunchy Variety Granola Bars 42g x 6 pack,Promoted,Add to cart,Save to list
$4.00,$7.41 / 1KG,Three Threes Gherkins Sweet Spiced 540g,5.0,/,1,Add to cart,Save to list
$14.00,$2.80 / 1KG,Wallaby Bakers Flour 5kg,5.0,/,1,Add to cart,Save to list
$5.20,$0.05 / 1EA,Tetley Extra Strong Tea Bags 100 Pack,Add to cart,Save to list
EVERYDAY LOW PRICE,$1.25,$5.56 / 1KG,Woolworths Water Chestnuts Sliced 225g,4.3,/,866,Add to cart,Save to list
EVERYDAY LOW PRICE,$2.80,$2.80 / 100G,Essentials Ice Cream Cone Cups 24 Pack,4.5,/,597,Add to cart,Save to list
EVERYDAY LOW PRICE,$3.90,$0.48 / 100G,Heinz Big Red Condensed Tomato Soup 820g,4.6,/,41,Add to cart,Save to list
SAVE $1.00,$4.00,$5.00 - $5.71 / 1KG,Goulburn Valley Peaches In Juice 700g,Add to cart,Save to list
$2.60,$0.87 / 10G,Mingle Butter Chicken Recipe Base 30g,Add to cart,Save to list
$6.00,$3.00 / 100G,Nestle Bakers' Choice Dark Choc Bits 200g,Add to cart,Save to list
SAVE $2.25,$2.25,$4.50 - $0.23 / 100ML,Campbell's Real Stock Vegetable Salt Reduced Liquid Stock 1l,1.0,/,1,Add to cart,Save to list
$4.00,$2.22 / 100G,Continental Classics Fried Rice Oriental Family Pack 180g,Add to cart,Save to list
EVERYDAY LOW PRICE,$9.50,$3.80 / 100ML,Queen Pure Maple Syrup 250ml,5.0,/,1,Add to cart,Save to list
$2.40,$0.48 / 100ML,2 FOR $4.30 - $0.43/100ML,Fountain Tomato Sauce 500ml,4.5,/,34,Add to cart,Save to list
$4.30,$0.86 / 100ML,Lee Kum Kee Soy Sauce Premium 500ml,5.0,/,1,Add to cart,Save to list
SAVE $2.25,$2.25,$4.50 - $0.23 / 100ML,Campbell's Real Stock Beef Salt Reduced Liquid Stock 1l,Add to cart,Save to list
$7.00,$0.78 / 100G,Heinz Spaghetti Tomato & Cheese Pasta Tin Spaghetti Multipack 300g x3 Pack,4.4,/,25,Add to cart,Save to list
$7.90,$3.95 / 100G,Carman's Protein Bars Greek Style Yoghurt & Berry 5 pack,Add to cart,Save to list
EVERYDAY LOW PRICE,$3.30,$1.38 / 100G,Mother Earth Golden Baked Oaty Slice Golden Oats 6 Pack 240g,Add to cart,Save to list
$1.25,$31.25 / 100G,A+ Ho San Seaweed Snack Original 4g,Add to cart,Save to list
$5.00,$1.19 / 100ML,Ayam Oyster Sauce 420ml,Add to cart,Save to list
$5.50,$44.00 / 1KG,Kraft Grated Parmesan Cheese 125g,Add to cart,Save to list
$6.00,$2.00 / 100G,Beerenberg Strawberry Jam 300g,Add to cart,Save to list
SAVE $1.95,$4.55,$6.50 - $1.01 / 100G,Old El Paso Burrito Tortilla Jumbo Wraps 6 pack,Add to cart,Save to list
EVERYDAY LOW PRICE,$17.50,$5.83 / 1L,Sanitarium Up&Go Protein Energize Vanilla 250ml x12 Pack,Add to cart,Save to list
$7.50,$1.47 / 100G,Stubb's Hickory Bourbon Bbq Sauce Sauce 510g,Promoted,Add to cart,Save to list
$24.95,$13.13 / 100G,Nutra Organics Beef Bone Broth Native Herbs 190g,Promoted,Add to cart,Save to list
SAVE $1.00,$2.90,$3.90 - $3.22 / 100G,Belladotti Salad Toppers Crispy Onions 90g,Promoted,Add to cart,Save to list
SAVE $2.20,$4.70,$6.90 - $3.92 / 100G,Fibre One 90 Calorie Lemon Drizzle Squares 5 Pack 120g,Promoted,Add to cart,Save to list
$8.70,$0.87 / 1EA,2 FOR $12.00 - $0.60/1EA,Starbucks by Nespresso House Blend Lungo Coffee Pods 10 Pack,4.5,/,88,Add to cart,Save to list
$38.00,$0.38 / 100G,SunRice Australian Calrose Rice Medium Grain 10kg,Add to cart,Save to list
EVERYDAY LOW PRICE,$1.65,$4.13 / 1KG,Woolworths Champignon Whole 400g,3.9,/,778,Add to cart,Save to list
EVERYDAY LOW PRICE,$1.30,$3.25 / 1KG,Woolworths Diced Italian Tomatoes Basil & Oregano 400g,4.6,/,1463,Add to cart,Save to list
$2.80,$0.85 / 100ML,Woolworths Garlic Aioli 330mL,Add to cart,Save to list
SAVE $1.20,$4.30,$5.50 - $1.43 / 100G,Kewpie Mayonnaise 50% Reduced Fat 300g,Add to cart,Save to list
OUT OF STOCK,Capilano Hot Chilli Honey Squeeze Bottle 340g,Add to cart,Save to list
EVERYDAY LOW PRICE,$2.70,$0.54 / 100G,Dolmio Traditional Recipe Classic Tomato Pasta Sauce 500g,Add to cart,Save to list
$6.00,$1.20 / 100ML,Holbrooks Sauce Worcestershire 500ml,Add to cart,Save to list
$13.50,$0.48 / 1EA,Robert Timms Italian Espresso Style Coffee Bags 28 Pack,Add to cart,Save to list
SAVE $0.65,$2.30,$2.95 - $0.46 / 100G,San Remo Elbows Pasta No 35 500g,Add to cart,Save to list
EVERYDAY LOW PRICE,$4.50,$4.50 / 1L,Bonsoy Almond Milk 1l,Add to cart,Save to list
$1.80,$3.60 / 100G,3 FOR $4.95 - $3.30/100G,Continental Recipe Base Shepherds Pie Shepherds Pie 50g,Add to cart,Save to list
SAVE $1.65,$3.85,$5.50 - $2.01 / 100G,Nice & Natural Roasted Peanut & Cashew Bar With Milk Chocolate Drizzle 6 Pack,Add to cart,Save to list
$4.20,$0.42 / 10G,McKenzie's Pepper Black Ground 100g,Add to cart,Save to list
SAVE $24.00,$24.00,$48.00 - $0.24 / 100G,Royal Feast Jasmine Rice 10kg,4.4,/,55,Add to cart,Save to list
EVERYDAY LOW PRICE,$2.00,$4.88 / 1KG,Woolworths Australian Pear Slices In Juice 410g,4.4,/,916,Add to cart,Save to list
$4.80,$3.43 / 100G,Noshu 95% Sugar Free Choc Baking Chips 140g,Add to cart,Save to list
$6.00,$4.00 / 100G,The Happy Snack Company Roasted Chickpeas Lime And Cracked Pepper 6 Pack,4.6,/,20, Promoted,Add to cart,Save to list
$6.00,$6.00 / 100G,The Happy Snack Company Chickpeas Dark Choc And Raspberry 5 Pack,4.7,/,22, Promoted,Add to cart,Save to list
$6.00,$6.00 / 100G,The Happy Snack Company Chickpeas Chocolate 5 Pack,Promoted,Add to cart,Save to list
SAVE $19.00,$19.00,$38.00 - $4.99 / 100G,Lindt Easter Gala Chocolate Gold Edition Gift Box 381g,4.0,/,2, Promoted,Add to cart,Save to list
$4.00,$1.78 / 100G,Arnotts Jatz Original Crackers Biscuits 225g,4.0,/,1,Add to cart,Save to list
SAVE $1.00,$3.00,$4.00 - $1.20 / 100G,Arnotts Salada Original Crispbreads 250g,Add to cart,Save to list
$2.10,$1.40 / 100G,Real Foods Corn Thins Original 150g,Add to cart,Save to list
$1.00,$1.00 / 100G,Woolworths Original Rice Crackers 100g,4.2,/,1126,Add to cart,Save to list
$5.00,$2.94 / 100G,Doritos Corn Chips Cheese Supreme Share Pack 170g,4.8,/,45,Add to cart,Save to list
OUT OF STOCK,Cadbury Mini Eggs Chocolate Easter Eggs 125g,5.0,/,1,Add to cart,Save to list
$6.00,$6.00 / 100G,The Happy Snack Company Chickpeas Dark Choc 5 Pack,Promoted,Add to cart,Save to list
$7.50,$2.34 / 100G,Mars Milk Chocolate Bar Party Share Bag 20 Pieces 320g,Promoted,Add to cart,Save to list
SAVE $1.50,$4.50,$6.00 - $2.50 / 100G,Milky Way Milk Chocolate Party Share Bag 15 Pieces 180g,Promoted,Add to cart,Save to list
SAVE $1.50,$4.50,$6.00 - $3.04 / 100G,M&M's Milk Chocolate Party Share Bag 11 Pieces 148g,Promoted,Add to cart,Save to list
SAVE $3.00,$3.00,$6.00 - $1.50 / 100G,Arnotts Tim Tam Original Chocolate Biscuits 200g,Add to cart,Save to list
EVERYDAY LOW PRICE,$2.75,$1.38 / 100G,Woolworths Original Gluten Free Popcorn 10 Pack,4.4,/,1027,Add to cart,Save to list
EVERYDAY LOW PRICE,$2.30,$1.31 / 100G,Woolworths Original Salted Corn Chips 175g,Add to cart,Save to list
$4.00,$6.15 / 100G,2 FOR $7.00 - $5.38/100G,Cobs Natural Popcorn Sea Salt Multipack 5 Pack,Add to cart,Save to list
$2.50,$5.00 / 100G,SAVE $2 WHEN YOU SPEND $10 ON SELECT DRINKS & CONFECT BARS*,Cadbury Dairy Milk Chocolate Bar 50g,Add to cart,Save to list
$1.00,$1.00 / 100G,Woolworths Tangy BBQ Rice Crackers 100g,4.4,/,1156,Add to cart,Save to list
$2.00,$0.67 / 100G,Woolworths Mild Salsa 300g,4.4,/,2847,Add to cart,Save to list
SAVE $0.80,$2.50,$3.30 - $1.00 / 100G,Arnotts Scotch Finger Plain Biscuits 250g,Add to cart,Save to list
SAVE $0.50,$6.00,$6.50 - $1.20 / 100G,Arnotts Arnott's Cream Favourites Assorted Biscuits 500g,Add to cart,Save to list
$2.50,$2.78 / 100G,Peckish Rice Crackers Original 90g,Add to cart,Save to list
EVERYDAY LOW PRICE,$1.65,$1.10 / 100G,Woolworths Thin Brown Rice Cakes Original 150g,4.5,/,2080,Add to cart,Save to list
SAVE $1.00,$3.00,$4.00 - $2.40 / 100G,Arnotts Cruskits Original Crispbreads 125g,Add to cart,Save to list
$5.00,$2.94 / 100G,Sunbites Grain Waves Wholegrain Chips Sour Cream & Chives 170g,4.7,/,114,Add to cart,Save to list
SAVE $1.75,$1.75,$3.50 - $0.77 / 100G,Ritz Original Crackers 227g,Add to cart,Save to list
$2.50,$6.41 / 100G,SAVE $2 WHEN YOU SPEND $10 ON SELECT DRINKS & CONFECT BARS*,Cadbury Twirl Milk Chocolate Bar 39g,Add to cart,Save to list
$6.00,$4.00 / 100G,The Happy Snack Company Roasted Chickpeas Lime And Cracked Pepper 6 Pack,4.6,/,20, Promoted,Add to cart,Save to list
$6.00,$6.00 / 100G,The Happy Snack Company Chickpeas Dark Choc And Raspberry 5 Pack,4.7,/,22, Promoted,Add to cart,Save to list
$6.00,$6.00 / 100G,The Happy Snack Company Chickpeas Chocolate 5 Pack,Promoted,Add to cart,Save to list
SAVE $19.00,$19.00,$38.00 - $4.99 / 100G,Lindt Easter Gala Chocolate Gold Edition Gift Box 381g,4.0,/,2, Promoted,Add to cart,Save to list
$4.00,$1.78 / 100G,Arnotts Jatz Original Crackers Biscuits 225g,4.0,/,1,Add to cart,Save to list
SAVE $1.00,$3.00,$4.00 - $1.20 / 100G,Arnotts Salada Original Crispbreads 250g,Add to cart,Save to list
SAVE $1.50,$4.50,$6.00 - $2.34 / 100G,Mars Milk Chocolate Bar Party Share Bag 12 Pieces 192g,Promoted,Add to cart,Save to list
SAVE $1.50,$4.50,$6.00 - $2.83 / 100G,Twix Milk Chocolate Party Share Bag 11 Pieces 159g,Promoted,Add to cart,Save to list
$6.00,$4.00 / 100G,The Happy Snack Company Roasted Fava Beans Sea Salt And Balsamic Vinegar 6 Pack,4.8,/,36, Promoted,Add to cart,Save to list
$2.50,$5.00 / 100G,SAVE $2 WHEN YOU SPEND $10 ON SELECT DRINKS & CONFECT BARS*,Cadbury Fry's Turkish Delight Milk Chocolate Bar 50g,Add to cart,Save to list
EVERYDAY LOW PRICE,$5.00,$1.61 / 100G,Arnotts Premier Chocolate Chip Cookies 310g,Add to cart,Save to list
SAVE $2.70,$4.00,$6.70 - $3.51 / 100G,Cadbury Dairy Milk Chocolate Easter Eggs 114g,Add to cart,Save to list
SAVE $1.20,$2.80,$4.00 - $1.60 / 100G,Arnotts Shapes Barbecue Cracker Biscuits 175g,Add to cart,Save to list
EVERYDAY LOW PRICE,$7.50,$2.68 / 100G,Red Rock Deli Potato Chips Multipack Variety - Deli Style 28g x10 Pack,4.6,/,147,Add to cart,Save to list
SAVE $2.80,$4.20,$7.00 - $2.33 / 100G,Cadbury Dairy Milk Chocolate Block 180g,4.9,/,93,Add to cart,Save to list
$2.50,$2.50 / 100G,Fantastic Rice Crackers Original 100g,Add to cart,Save to list
$1.50,$0.60 / 100G,Woolworths Arrowroot Milk Biscuits 250g,4.3,/,1499,Add to cart,Save to list
SAVE $1.50,$4.50,$6.00 - $2.34 / 100G,Mars Milk Chocolate Bar Party Share Bag 12 Pieces 192g,Promoted,Add to cart,Save to list
SAVE $1.50,$4.50,$6.00 - $2.83 / 100G,Twix Milk Chocolate Party Share Bag 11 Pieces 159g,Promoted,Add to cart,Save to list
SAVE $1.50,$3.50,$5.00 - $2.00 / 100G,Thins Chips Light & Tangy 175g,5.0,/,1,Add to cart,Save to list
SAVE $2.50,$2.50,$5.00 - $1.47 / 100G,Smith's Crinkle Cut Potato Chips Original 170g,4.7,/,51,Add to cart,Save to list
SAVE $3.00,$3.00,$6.00 - $1.50 / 100G,Arnotts Tim Tam Double Chocolate Biscuits 200g,Add to cart,Save to list
$6.00,$3.64 / 100G,Red Rock Deli Potato Chips Sweet Chilli & Sour Cream 165g,4.6,/,55,Add to cart,Save to list
$5.00,$2.94 / 100G,Doritos Corn Chips Original Share Pack 170g,5.0,/,7,Add to cart,Save to list
SAVE $2.50,$2.50,$5.00 - $1.47 / 100G,Smith's Crinkle Cut Potato Chips Salt & Vinegar 170g,4.6,/,76,Add to cart,Save to list
SAVE $1.50,$4.50,$6.00 - $3.41 / 100G,Maltesers Milk Chocolate Party Share Bag 11 Pieces 132g,Promoted,Add to cart,Save to list
$5.50,$4.66 / 100G,Pringles Chipotle Sour Cream Flavour Stacked Potato Chips 118g,Promoted,Add to cart,Save to list
SAVE $1.50,$4.50,$6.00 - $2.57 / 100G,Fixate Natural Fruit Mango Passion5 Pack 175g,Promoted,Add to cart,Save to list
$6.00,$4.00 / 100G,The Happy Snack Company Roasted Fava Beans Lightly Salted 6 Pack,4.8,/,22, Promoted,Add to cart,Save to list
$2.50,$5.00 / 100G,SAVE $2 WHEN YOU SPEND $10 ON SELECT DRINKS & CONFECT BARS*,Cadbury Crunchie Milk Chocolate Bar 50g,Add to cart,Save to list
SAVE $1.50,$3.50,$5.00 - $2.00 / 100G,Thins Chips Original 175g,Add to cart,Save to list
$2.50,$2.78 / 100G,Peckish Flavoured Rice Crackers Cheddar Cheese 90g,Add to cart,Save to list
$2.50,$1.39 / 100G,Woolworths Choc Chip Cookies Minis 8 Pack 180g,4.6,/,1902,Add to cart,Save to list
$4.50,$5.00 / 100G,2 FOR $7.00 - $3.89/100G,Jumpy's Chicken Chips 5 Pack,Add to cart,Save to list
$2.50,$5.68 / 100G,SAVE $2 WHEN YOU SPEND $10 ON SELECT DRINKS & CONFECT BARS*,Cadbury Cherry Ripe Dark Chocolate Bar 44g,Add to cart,Save to list
SAVE $1.20,$2.80,$4.00 - $1.47 / 100G,Arnotts Shapes Pizza Cracker Biscuits 190g,Add to cart,Save to list
LOWER AUTUMN PRICE,$5.75,$1.15 / 100G,RANGE WAS $6.50 - 25/02/2025,Woolworths Banana Bread Slices 5 Pack,4.7,/,724,Add to cart,Save to list
$2.50,$5.43 / 100G,SAVE $2 WHEN YOU SPEND $10 ON SELECT DRINKS & CONFECT BARS*,Cadbury Picnic Milk Chocolate Bar 46g,Add to cart,Save to list
EVERYDAY LOW PRICE,$3.30,$1.38 / 100G,Mother Earth Chocolate Chip Oaty Slice 6 Pack 240g,Add to cart,Save to list
EVERYDAY LOW PRICE,$2.75,$0.92 / 100G,Doritos Salsa Dip Mild 300g,Add to cart,Save to list
$2.50,$5.00 / 100G,SAVE $2 WHEN YOU SPEND $10 ON SELECT DRINKS & CONFECT BARS*,Toblerone Milk Chocolate Bar 50g,Add to cart,Save to list
$2.50,$5.00 / 100G,SAVE $2 WHEN YOU SPEND $10 ON SELECT DRINKS & CONFECT BARS*,Cadbury Boost Milk Chocolate Bar 50g,Add to cart,Save to list
$1.50,$1.50 / 100G,Woolworths Multigrain Brown Rice Crackers 100g,4.4,/,1726,Add to cart,Save to list
EVERYDAY LOW PRICE,$2.30,$1.31 / 100G,Woolworths Supreme Cheese Corn Chips 175g,Add to cart,Save to list
EVERYDAY LOW PRICE,$4.90,$1.53 / 100G,Woolworths Mini Choc Chip Muffin 8 Pack,4.6,/,778,Add to cart,Save to list
$6.00,$3.64 / 100G,2 FOR $9.00 - $2.73/100G,Kettle Classic Sea Salt Chips Potato Chips 165g,4.0,/,1,Add to cart,Save to list
$6.00,$3.64 / 100G,Red Rock Deli Potato Chips Honey Soy Chicken 165g,4.6,/,74,Add to cart,Save to list
$5.50,$4.10 / 100G,Pringles Sour Cream & Onion Potato Chips 134g,Promoted,Add to cart,Save to list
$6.00,$3.00 / 100G,The Happy Snack Company Roasted Chickpeas Lightly Salted 200g,4.2,/,21, Promoted,Add to cart,Save to list
$1.25,$0.50 / 100G,Woolworths Scotch Finger Biscuits 250G,4.4,/,1483,Add to cart,Save to list
SAVE $1.50,$3.50,$5.00 - $2.00 / 100G,Thins Chips Salt & Vinegar 175g,Add to cart,Save to list
$5.50,$4.10 / 100G,Pringles Sour Cream & Onion Potato Chips 134g,Add to cart,Save to list
$1.00,$0.40 / 100G,Woolworths Traditional Cracker 250g,4.4,/,1979,Add to cart,Save to list
$34.00,$10.21 / 100G,Lindt Lindor Milk Chocolate Box 333g,5.0,/,2, Promoted,Add to cart,Save to list
SAVE $1.30,$4.70,$6.00 - $3.09 / 100G,Nature Valley Peanut & Chocolate Protein Bars 4 pack,Promoted,Add to cart,Save to list
SAVE $1.30,$4.70,$6.00 - $3.09 / 100G,Nature Valley Salted Caramel Protein Bars 4 pack,Promoted,Add to cart,Save to list
EVERYDAY LOW PRICE,$6.50,$0.22 / 1EA,Nestle Soothers Throat Lozenges Blackcurrant 30 Pack,Promoted,Add to cart,Save to list
EVERYDAY LOW PRICE,$1.80,$0.72 / 100G,Woolworths Snapz Original Crackers 250G,4.3,/,843,Add to cart,Save to list
$7.00,$4.86 / 100G,2 FOR $10.00 - $3.47/100G,Cadbury Milk Chocolate Freddo Share Pack 12 Mini Bars 144g,Add to cart,Save to list
EVERYDAY LOW PRICE,$0.95,$0.95 / 100G,Woolworths Microwave Popcorn Butter Flavoured 100g,4.6,/,1546,Add to cart,Save to list
EVERYDAY LOW PRICE,$5.00,$1.00 / 100G,Arnotts Family Favourites Assorted Biscuits 500g,Add to cart,Save to list
SAVE $1.30,$3.50,$4.80 - $1.75 / 100G,Parker's Oven Baked Wheat Pretzel Twists Share Pack 200g,4.4,/,26,Add to cart,Save to list
$3.50,$4.38 / 100G,Cobs Popcorn Sea Salt Gluten Free 80g,4.0,/,1,Add to cart,Save to list
SAVE $1.20,$2.80,$4.00 - $1.56 / 100G,Arnotts Shapes Cheese & Bacon Cracker Biscuits 180g,Add to cart,Save to list
EVERYDAY LOW PRICE,$0.80,$0.64 / 100G,Woolworths Vanilla Creme Wafer Biscuits 125G,4.4,/,821,Add to cart,Save to list
$2.10,$1.40 / 100G,Real Foods Corn Thins Multigrain 150g,Add to cart,Save to list
$5.00,$2.86 / 100G,Arnotts Mini Choc Chip Cookie Multipack Biscuits 7 Pack,Add to cart,Save to list
$2.70,$3.00 / 100G,Twisties Cheese Snacks 90g,4.8,/,47,Add to cart,Save to list
SAVE $2.50,$2.50,$5.00 - $1.47 / 100G,Smith's Crinkle Cut Potato Chips Cheese & Onion 170g,4.5,/,17,Add to cart,Save to list
$2.50,$2.78 / 100G,Peckish Rice Crackers Sour Cream & Chives 90g,Add to cart,Save to list
$5.00,$2.94 / 100G,Doritos Corn Chips Nacho Cheese Share Pack 170g,4.6,/,7,Add to cart,Save to list
$2.50,$5.00 / 100G,SAVE $2 WHEN YOU SPEND $10 ON SELECT DRINKS & CONFECT BARS*,Cadbury Marvellous Creations Jelly Popping Candy Chocolate Bar 50g,Add to cart,Save to list
SAVE $4.00,$6.00,$10.00 - $3.21 / 100G,Cadbury Dairy Milk Chocolate Hunting Easter Eggs 187g,Add to cart,Save to list
$4.00,$4.21 / 100G,2 FOR $7.00 - $3.68/100G,Pringles Minis Multipack Sour Cream & Onion Potato Chips 5 pack,Add to cart,Save to list
SAVE $3.80,$3.80,$7.60 - $3.80 / 100G,Cadbury Dairy Milk Chocolate Easter Bunny 100g,Add to cart,Save to list
$5.50,$4.10 / 100G,Pringles Original Salted Potato Chips 134g,Promoted,Add to cart,Save to list
$6.00,$3.64 / 100G,Red Rock Deli Potato Chips Sea Salt Natural 165g,4.6,/,74,Add to cart,Save to list
$5.00,$4.17 / 100G,Calbee Harvest Snaps Original Salted 120g,Add to cart,Save to list
$4.00,$2.00 / 100G,Macro Organic Corn Chips Natural 200g,4.8,/,244,Add to cart,Save to list
SAVE $1.00,$3.00,$4.00 - $1.20 / 100G,Arnotts Vita Weat Original Crispbreads 250g,Add to cart,Save to list
$7.00,$4.86 / 100G,2 FOR $10.00 - $3.47/100G,Cadbury Milk Chocolate Share Pack 12 Mini Bars 144g,5.0,/,1,Add to cart,Save to list
$7.00,$3.89 / 100G,M&M's Peanut Milk Chocolate Snack & Share Bag 180g,Add to cart,Save to list
$4.50,$4.09 / 100G,2 FOR $7.00 - $3.18/100G,Sunbites Grainwaves Sour Cream & Chives Wholegrain Chips Multipack 110g,4.7,/,114,Add to cart,Save to list
SAVE $2.50,$2.50,$5.00 - $1.47 / 100G,Smith's Crinkle Cut Potato Chips Chicken 170g,4.3,/,11,Add to cart,Save to list
$6.00,$4.00 / 100G,The Happy Snack Company Roasted Fava Beans Red Pepper & Chilli 6 Pack,4.8,/,18, Promoted,Add to cart,Save to list
SAVE $1.50,$4.50,$6.00 - $2.57 / 100G,Fixate Natural Fruit Choc Berry 5 Pack 175g,Promoted,Add to cart,Save to list
EVERYDAY LOW PRICE,$10.00,$1.98 / 100G,Nature Valley Crunchy Family Variety Granola Bars 42g x 12 pack,Promoted,Add to cart,Save to list
EVERYDAY LOW PRICE,$7.50,$2.00 / 100G,Smith's Potato Chips Fun Mix Multipack Variety 20 Pack,4.6,/,177,Add to cart,Save to list
$6.00,$3.64 / 100G,Red Rock Deli Potato Chips Sea Salt & Balsamic Vinegar 165g,4.2,/,22,Add to cart,Save to list
$3.50,$2.92 / 100G,Cobs Natural Popcorn Lightly Salted Slightly Sweet 120g,Add to cart,Save to list
$4.50,$3.95 / 100G,2 FOR $7.00 - $3.07/100G,"Smith's Crinkle Cut Potato Chips Multipack Salt, Vinegar 6 Pack",4.6,/,189,Add to cart,Save to list
$4.00,$4.00 / 1EA,Woolworths Celery Heart Each,Add to cart,Save to list
$5.00,$3.70 / 100G,2 FOR $7.50 - $2.78/100G,Red Rock Deli Biscuit Crackers Share Pack Honey Soy & Chicken 135g,4.6,/,24, Promoted,Add to cart,Save to list
SAVE $2.40,$3.60,$6.00 - $2.12 / 100G,Pringles Big Stack for Sharing Original Potato Chips 170g,Promoted,Add to cart,Save to list
EVERYDAY LOW PRICE,$6.50,$0.22 / 1EA,Nestle Soothers Throat Lozenge Eucalyptus & Menthol 3 Pack,Promoted,Add to cart,Save to list
SAVE $1.50,$4.50,$6.00 - $2.57 / 100G,Fixate Natural Fruit Lemon Coconut 5 Pack 175g,Promoted,Add to cart,Save to list
EVERYDAY LOW PRICE,$2.75,$1.38 / 100G,Woolworths Popcorn Sweet & Salty 10 Pack,4.5,/,932,Add to cart,Save to list
$7.00,$3.89 / 100G,2 FOR $12.00 - $3.33/100G,Cadbury Old Gold Dark 70% Cocoa Chocolate Block 180g,Add to cart,Save to list
$2.65,$2.14 / 100G,Lotus Biscoff Biscuit 8 Pack,Add to cart,Save to list
$7.00,$1.75 / 100G,Poppin Microwave Popcorn Triple Butter Flavour Explosion 100g x4 Pack,2.0,/,1,Add to cart,Save to list
$10.00,$10.00 / 100G,Lindt Easter Gold Bunny Milk Chocolate 100g,Add to cart,Save to list
$2.00,$2.00 / 100G,Woolworths Original Wafer Crackers 100g,4.6,/,1450,Add to cart,Save to list
$2.50,$5.43 / 100G,SAVE $2 WHEN YOU SPEND $10 ON SELECT DRINKS & CONFECT BARS*,Cadbury Dairy Milk Caramel Chocolate Caramello Bar 46g,Add to cart,Save to list
EVERYDAY LOW PRICE,$12.50,$3.47 / 100G,Carman's Protein Bars Variety 9 pack,1.0,/,1,Add to cart,Save to list
$4.00,$5.33 / 100G,2 FOR $7.00 - $4.67/100G,Infuzions Veggie Straws 5 Pack,Add to cart,Save to list
EVERYDAY LOW PRICE,$0.80,$0.64 / 100G,Woolworths Strawberry Creme Wafer Biscuits 125G,4.1,/,1177,Add to cart,Save to list
$5.00,$4.17 / 100G,Calbee Harvest Snaps Salt & Vinegar 120g,Add to cart,Save to list
EVERYDAY LOW PRICE,$4.90,$1.53 / 100G,Woolworths Mini Blueberry Muffins 8 Pack,4.6,/,923,Add to cart,Save to list
$5.50,$2.89 / 100G,2 FOR $8.00 - $2.11/100G,Arnotts Wagon Wheels Original Mini Chocolate Biscuits 190g,Add to cart,Save to list
EVERYDAY LOW PRICE,$7.50,$2.00 / 100G,Thins Top 20 Variety Multipack Chips 20 Pack 375g,4.0,/,3,Add to cart,Save to list
$3.00,$2.34 / 100G,Oreo Original Cookies 128g,Add to cart,Save to list
$5.50,$2.20 / 100G,Arnotts Chocolate Scotch Finger Biscuits 250g,Add to cart,Save to list
SAVE $3.00,$3.00,$6.00 - $1.71 / 100G,Arnotts Tim Tam Chewy Caramel Chocolate Biscuits 175g,Add to cart,Save to list
$7.00,$3.89 / 100G,2 FOR $10.00 - $2.78/100G,Cadbury Cherry Ripe Dark Chocolate Share Pack 12 Mini Bars 180g,4.0,/,1,Add to cart,Save to list
$2.10,$2.33 / 100G,5 FOR $5.00 - $1.11/100G,Sakata Rice Cracker Biscuits Plain 90g,4.6,/,53, Promoted,Add to cart,Save to list
$7.00,$5.00 / 100G,Maltesers Milk Chocolate Snack & Share Bag 140g,5.0,/,1, Promoted,Add to cart,Save to list
$2.10,$2.33 / 100G,5 FOR $5.00 - $1.11/100G,Sakata Rice Cracker Biscuits BBQ 90g,4.7,/,57, Promoted,Add to cart,Save to list
$5.50,$4.10 / 100G,Pringles Bbq Stacked Potato Chips 134g,Promoted,Add to cart,Save to list
EVERYDAY LOW PRICE,$7.50,$2.98 / 100G,KitKat Milk Chocolate 18 Mini Bars Share Pack 252g,Add to cart,Save to list
$7.00,$4.83 / 100G,M&M's Crispy Milk Chocolate Snack & Share Bag 145g,Promoted,Add to cart,Save to list
EVERYDAY LOW PRICE,$5.50,$1.57 / 100G,The Natural Confectionery Co. Fruity Chews Lollies 350g,Promoted,Add to cart,Save to list
SAVE $2.20,$4.70,$6.90 - $1.87 / 100G,Nature Valley Crunchy Variety Granola Bars 42g x 6 pack,Promoted,Add to cart,Save to list
$15.00,$4.01 / 100G,Cadbury Dairy Milk Chocolate Hunting Easter Eggs 374g,Add to cart,Save to list
SAVE $1.00,$3.00,$4.00 - $1.20 / 100G,Arnotts Salada Wholemeal Crispbreads 250g,Add to cart,Save to list
EVERYDAY LOW PRICE,$2.15,$1.08 / 100G,Macy and Tailor Classic Pretzels 200g,Add to cart,Save to list
SAVE $0.50,$6.00,$6.50 - $1.43 / 100G,Allen's Party Mix Lollies Family Size Bag 420g,Add to cart,Save to list
$8.50,$2.24 / 100G,Doritos Corn Chips Cheese Supreme Party Size 380g,4.8,/,46,Add to cart,Save to list
$5.50,$2.07 / 100G,McVitie's Digestives Milk Chocolate 266g,Add to cart,Save to list
$3.95,$49.38 / 1KG,Woolworths Pine Nuts 80g,4.5,/,753,Add to cart,Save to list
EVERYDAY LOW PRICE,$4.00,$30.77 / 1KG,Woolworths Dried Mango Slices 130g,4.0,/,800,Add to cart,Save to list
$7.00,$3.89 / 100G,2 FOR $10.00 - $2.78/100G,Cadbury Crunchie Milk Chocolate Share Pack 12 Mini Bars 180g,5.0,/,1,Add to cart,Save to list
$7.00,$3.89 / 100G,M&M's Peanut Milk Chocolate Snack & Share Bag 180g,Promoted,Add to cart,Save to list
SAVE $2.20,$4.70,$6.90 - $3.92 / 100G,Fibre One 90 Calorie Lemon Drizzle Squares 5 Pack 120g,Promoted,Add to cart,Save to list
SAVE $2.20,$4.70,$6.90 - $1.87 / 100G,Nature Valley Crunchy Oats & Honey Granola Bars 42g x 6 pack,Promoted,Add to cart,Save to list
SAVE $2.20,$4.70,$6.90 - $3.92 / 100G,Fibre One 90 Calorie Salted Caramel Squares 24g x 5 pack,Promoted,Add to cart,Save to list
EVERYDAY LOW PRICE,$7.50,$2.04 / 100G,Smith's Tasty Mix Potato Chips Variety Multipack of 20 368g,4.7,/,112,Add to cart,Save to list
$2.50,$1.00 / 100G,Arnotts Nice Plain Biscuits Biscuits 250g,Add to cart,Save to list
SAVE $1.50,$4.50,$6.00 - $2.34 / 100G,Mars Milk Chocolate Bar Party Share Bag 12 Pieces 192g,Add to cart,Save to list
$2.50,$2.78 / 100G,Peckish Flavoured Rice Crackers Salt & Vinegar 90g,Add to cart,Save to list
$5.00,$2.50 / 100G,Arnotts Tiny Teddy Chocolate Multipack Biscuits 8 Pack,Add to cart,Save to list
$2.70,$3.00 / 100G,Burger Rings Burger Snacks 90g,4.0,/,6,Add to cart,Save to list
$2.90,$1.93 / 100G,Walkers Shortbread Fingers 150g,Add to cart,Save to list
$3.50,$2.73 / 100G,Oreo Milk Chocolate Wafer Stick Cookies 10 Pack 128g,Add to cart,Save to list
SAVE $1.50,$3.50,$5.00 - $2.00 / 100G,Thins Chips Chicken 175g,Add to cart,Save to list
SAVE $0.90,$3.60,$4.50 - $1.44 / 100G,Lotus Biscoff Caramelised Biscuit 250g,Add to cart,Save to list
$4.00,$1.60 / 100G,2 FOR $6.00 - $1.20/100G,Arnotts Clix Crackers 250g,Add to cart,Save to list
EVERYDAY LOW PRICE,$2.00,$1.18 / 100G,Woolworths Sour Straps Fizzy Rainbow 170g,Add to cart,Save to list
$7.00,$4.83 / 100G,M&M's Minis Milk Chocolate Snack & Share Bag 145g,5.0,/,1,Add to cart,Save to list
EVERYDAY LOW PRICE,$2.00,$1.43 / 100G,Arnotts Vita Weat Cracker Multigrain Crackers 140g,Add to cart,Save to list
$5.50,$1.55 / 100G,2 FOR $5.50 - $0.77/100G,McVitie's Digestives Original 355g,Add to cart,Save to list
SAVE $1.20,$2.80,$4.00 - $1.60 / 100G,Arnotts Shapes Cheddar Cracker Biscuits 175g,Add to cart,Save to list
$6.00,$3.64 / 100G,2 FOR $9.00 - $2.73/100G,Kettle Sea Salt & Vinegar Chips Chips 165g,Add to cart,Save to list
$5.00,$2.86 / 100G,2 FOR $7.00 - $2.00/100G,CC's Corn Chips Tasty Cheese 175g,Add to cart,Save to list
$2.10,$2.63 / 100G,5 FOR $5.00 - $1.25/100G,Sakata Rice Cracker Biscuits Seaweed 80g,4.7,/,51, Promoted,Add to cart,Save to list
$2.50,$8.33 / 100G,SAVE $2 WHEN YOU SPEND $10 ON SELECT DRINKS & CONFECT BARS*,Cadbury Flake Milk Chocolate Bar 30g,Add to cart,Save to list
IN-STORE ONLY,Parker's Pretzels Minis Entertaining Size Party Bag Salted 225g,View similar,products,             to Parker's Pretzels Minis Entertaining Size Party Bag Salted 225g,Save to list
SAVE $0.30,$2.70,$3.00 - $1.80 / 100G,Trolli Lollies Brite Crawlers 150g,Add to cart,Save to list
$5.50,$3.14 / 100G,2 FOR $8.00 - $2.29/100G,Arnotts Tee Vee Snacks Original Chocolate Biscuits 175g,Add to cart,Save to list
SAVE $1.00,$3.00,$4.00 - $1.20 / 100G,Arnotts Raspberry Shortcake Biscuits 250g,Add to cart,Save to list
EVERYDAY LOW PRICE,$4.90,$1.53 / 100G,Woolworths Mini Double Choc Muffins 8 Pack,4.7,/,1262,Add to cart,Save to list
$4.50,$1.80 / 100G,2 FOR $7.00 - $1.40/100G,Arnotts Country Cheese Crackers 250g,Add to cart,Save to list
$5.00,$3.70 / 100G,2 FOR $7.50 - $2.78/100G,Red Rock Deli Deli Style Crackers Sea Salt & Balsamic Vinegar 135g,4.6,/,27, Promoted,Add to cart,Save to list
$4.00,$4.00 / 100G,Pop Box Mega Butter Microwave Popcorn 100g,Promoted,Add to cart,Save to list
$2.20,$1.76 / 100G,2 FOR $3.50 - $1.40/100G,Captain's Table Classic Water Crackers 125g,Add to cart,Save to list
$2.70,$3.00 / 100G,Twisties Chicken Snacks 90g,4.2,/,33,Add to cart,Save to list
SAVE $1.00,$1.00,$2.00 - $4.65 / 100G,Cadbury Curly Wurly Milk Chocolate Bar 21.5g,Add to cart,Save to list
SAVE $1.25,$1.25,$2.50 - $2.60 / 100G,KitKat Chunky Bar 48g,Add to cart,Save to list
$6.50,$1.08 / 1EA,Woolworths Cheese and Bacon Rolls 6 pack,4.2,/,138,Afternoon delivery & pick up,Add to cart,Save to list
$4.00,$2.50 / 100G,Ritz Mini Crackers Original Flavour 160g,Add to cart,Save to list
SAVE $1.50,$3.50,$5.00 - $1.75 / 100G,Arnotts Shapes Multipack Cracker Biscuits Mini Chicken Crimpy 8 pack,Add to cart,Save to list
SAVE $0.50,$2.80,$3.30 - $1.12 / 100G,Arnotts Malt-O-Milk Plain Biscuits Biscuits 250g,Add to cart,Save to list
SAVE $0.60,$1.60,$2.20 - $0.86 / 100G,Woolworths Sea Salt Crackers 185g,Add to cart,Save to list
EVERYDAY LOW PRICE,$4.30,$21.50 / 1KG,Woolworths Salted Cashews 200g,4.5,/,737,Add to cart,Save to list
EVERYDAY LOW PRICE,$3.30,$1.38 / 100G,Mother Earth Golden Baked Oaty Slice Raspberry Chocolate 6 Pack 240g,Add to cart,Save to list
$4.50,$4.74 / 100G,2 FOR $7.00 - $3.68/100G,Doritos Corn Chips Cheese Supreme 5 Pack,4.8,/,45,Add to cart,Save to list
$1.30,$13.00 / 1KG,Woolworths Sesame Seeds 100g,4.6,/,998,Add to cart,Save to list
$2.50,$1.25 / 100G,Woolworths Hundreds & Thousands Biscuits 200g,4.5,/,1471,Add to cart,Save to list
EVERYDAY LOW PRICE,$8.00,$1.71 / 100G,Uncle Tobys Muesli Bar Yoghurt Varieties 15 Pack,Add to cart,Save to list
SAVE $2.00,$2.00,$4.00 - $1.33 / 100G,Haribo Gold Bears 150g,Add to cart,Save to list
$6.00,$3.64 / 100G,2 FOR $9.00 - $2.73/100G,Kettle Potato Chips Chilli 165g,Add to cart,Save to list
EVERYDAY LOW PRICE,$4.70,$24.74 / 1KG,Woolworths Walnuts Californian 190g,4.6,/,762,Add to cart,Save to list
SAVE $1.25,$1.25,$2.50 - $2.98 / 100G,KitKat Chocolate Bar 42g,Promoted,Add to cart,Save to list
$2.10,$2.33 / 100G,5 FOR $5.00 - $1.11/100G,Sakata Rice Cracker Biscuits Sour Cream & Chives 90g,Promoted,Add to cart,Save to list
$4.00,$4.00 / 100G,Pop Box Microwave Popcorn Caramel Crunch Flavour 100g,Promoted,Add to cart,Save to list
EVERYDAY LOW PRICE,$1.65,$1.32 / 100G,Woolworths Thin Rice Cakes Sour Cream & Chives 125g,4.5,/,733,Add to cart,Save to list
$3.80,$1.90 / 100G,2 FOR $7.00 - $1.75/100G,Mamee Noodle Snacks Chicken 8pk 200g,Add to cart,Save to list
EVERYDAY LOW PRICE,$8.00,$1.71 / 100G,Uncle Tobys Choc Faves Muesli Bars 15 Pack,Add to cart,Save to list
$5.00,$2.94 / 100G,Sunbites Grain Waves Wholegrain Chips Sweet Chilli 170g,4.2,/,17,Add to cart,Save to list
$5.50,$2.75 / 100G,Arnotts Mint Slice Chocolate Biscuits 200g,Add to cart,Save to list
$3.80,$3.45 / 100G,Ceres Organics Brown Rice Cakes Original 110g,4.6,/,30,Add to cart,Save to list
$5.75,$4.11 / 100G,2 FOR $8.00 - $2.86/100G,Red Rock Deli Style Potato Chips Honey Soy Chicken Multipack 5 pack,4.7,/,73,Add to cart,Save to list
SAVE $0.50,$2.80,$3.30 - $1.12 / 100G,Arnotts Choc Ripple Plain Biscuits 250g,Add to cart,Save to list
SAVE $4.25,$4.25,$8.50 - $4.25 / 100G,Darrell Lea Easter Bilby Milk Chocolate 100g,Add to cart,Save to list
$8.00,$2.86 / 100G,Maltesers Milk Chocolate Snack Party Bag 280g,Promoted,Add to cart,Save to list
SAVE $1.80,$2.70,$4.50 - $5.40 / 100G,The Lady Bar Chunky Choc 50g,Promoted,Add to cart,Save to list
SAVE $1.80,$2.70,$4.50 - $5.40 / 100G,The Lady Bar Choc Berry 50g,Promoted,Add to cart,Save to list
$2.50,$8.33 / 100G,Boodles Boosted Peanut & Pretzel 30g,Promoted,Add to cart,Save to list
EVERYDAY LOW PRICE,$6.50,$1.25 / 100G,Pascall Marshmallows Pink & White 520g,4.0,/,1,Add to cart,Save to list
$2.20,$8.80 / 1KG,Woolworths Shredded Coconut 250g,4.7,/,2785,Add to cart,Save to list
$7.00,$3.89 / 100G,2 FOR $12.00 - $3.33/100G,Cadbury Old Gold Rum 'n' Raisin Dark Chocolate Block 180g,Add to cart,Save to list
$4.50,$3.95 / 100G,2 FOR $7.00 - $3.07/100G,Cheezels Multipack 6pk 114g,Add to cart,Save to list
SAVE $4.00,$8.00,$12.00 - $3.20 / 100G,DESIGNS MAY VARY,Cadbury Dairy Milk Chocolate Easter Bunny 250g,5.0,/,1,Add to cart,Save to list
SAVE $1.50,$4.50,$6.00 - $3.41 / 100G,Maltesers Milk Chocolate Party Share Bag 11 Pieces 132g,Add to cart,Save to list
$2.50,$6.25 / 100G,SAVE $2 WHEN YOU SPEND $10 ON SELECT DRINKS & CONFECT BARS*,Europe Summer Roll Chocolate Bar 40g,5.0,/,1,Add to cart,Save to list
$7.00,$4.38 / 100G,Pods Snickers Chocolate Snack & Share Party Bag 160g,5.0,/,1,Add to cart,Save to list
SAVE $2.10,$6.90,$9.00 - $15.97 / 1KG,Kraft Singles Original 432g,Add to cart,Save to list
$5.00,$3.13 / 100G,2 FOR $8.00 - $2.50/100G,Cadbury Pascall Eclairs Chocolate Lollies 160g,Add to cart,Save to list
$3.80,$4.18 / 100G,Sakata Stars Snack Sized Original Rice Crackers Multipack 13g x 7 Pack,Add to cart,Save to list
SAVE $2.80,$4.20,$7.00 - $2.47 / 100G,Cadbury Cadbury Dairy Milk Mini Eggs Easter Block 170g,Add to cart,Save to list
$7.00,$4.38 / 100G,2 FOR $10.00 - $3.13/100G,Cadbury Dairy Milk Marvellous Creation Chocolate Share Pack 10 Pieces 160g,Add to cart,Save to list
SAVE $1.50,$4.50,$6.00 - $2.50 / 100G,Milky Way Milk Chocolate Party Share Bag 15 Pieces 180g,Add to cart,Save to list
SAVE $3.00,$3.00,$6.00 - $1.82 / 100G,Arnotts Tim Tam White Chocolate Biscuits 165g,Add to cart,Save to list
SAVE $0.30,$2.70,$3.00 - $1.80 / 100G,Trolli Strawberry Clouds 150g,4.5,/,2,Add to cart,Save to list
$5.50,$1.53 / 100G,Abe's Bagels Natural Bagels 360g x 4 pack,Add to cart,Save to list
SAVE $1.20,$2.80,$4.00 - $1.70 / 100G,Arnotts Shapes Vegemite & Cheese Cracker Biscuits 165g,Add to cart,Save to list
$2.10,$2.63 / 100G,5 FOR $5.00 - $1.25/100G,Sakata Wholegrain Rice Crackers Original 80g,Promoted,Add to cart,Save to list
SAVE $4.25,$4.25,$8.50 - $5.31 / 100G,Lindt Excellence 95% Cocoa Dark Chocolate Block 80g,4.0,/,1, Promoted,Add to cart,Save to list
SAVE $4.25,$4.25,$8.50 - $4.25 / 100G,Lindt Excellence 90% Cocoa Dark Chocolate Block 100g,Promoted,Add to cart,Save to list
SAVE $1.25,$1.25,$2.50 - $2.98 / 100G,KitKat Milkybar White Chocolate 42g,Promoted,Add to cart,Save to list
$6.00,$4.00 / 100G,The Happy Snack Company Roasted Chickpeas Lime And Cracked Pepper 6 Pack,Promoted,Add to cart,Save to list
$6.00,$6.00 / 100G,The Happy Snack Company Chickpeas Dark Choc And Raspberry 5 Pack,Promoted,Add to cart,Save to list
$6.00,$6.00 / 100G,The Happy Snack Company Chickpeas Chocolate 5 Pack,Promoted,Add to cart,Save to list
SAVE $19.00,$19.00,$38.00 - $4.99 / 100G,Lindt Easter Gala Chocolate Gold Edition Gift Box 381g,4.0,/,2, Promoted,Add to cart,Save to list
SAVE $1.00,$3.00,$4.00 - $1.50 / 100G,Arnotts Venetian Biscuits 200g,Add to cart,Save to list
$7.00,$1.75 / 100G,Poppin Microwave Popcorn Butter Flavour 100g x4 Pack,Add to cart,Save to list
SAVE $0.70,$2.00,$2.70 - $3.77 / 100G,Pringles Original Salted Potato Chips 53g,Add to cart,Save to list
EVERYDAY LOW PRICE,$1.95,$0.49 / 100G,Woolworths Popping Corn Kernels 400g,4.6,/,1370,Add to cart,Save to list
$2.50,$5.00 / 100G,SAVE $2 WHEN YOU SPEND $10 ON SELECT DRINKS & CONFECT BARS*,Cadbury Moro Milk Chocolate Bar 50g,Add to cart,Save to list
SAVE $2.70,$4.00,$6.70 - $3.57 / 100G,Cadbury Oreo Chocolate Easter Eggs 112g,Add to cart,Save to list
$3.00,$16.67 / 1KG,Woolworths Aussie Natural Almonds 6 Pack,4.6,/,1130,Add to cart,Save to list
$2.00,$10.00 / 100G,Nestle Mint Pattie Peppermint Milk Chocolate Bar 20g,Add to cart,Save to list
$9.80,$21.78 / 1KG,Woolworths Walnuts Californian 450g,4.7,/,311,Add to cart,Save to list
$6.00,$4.00 / 100G,The Happy Snack Company Roasted Chickpeas Lime And Cracked Pepper 6 Pack,4.6,/,20, Promoted,Add to cart,Save to list
SAVE $1.50,$4.50,$6.00 - $2.83 / 100G,Twix Milk Chocolate Party Share Bag 11 Pieces 159g,Promoted,Add to cart,Save to list
$6.00,$4.00 / 100G,The Happy Snack Company Roasted Fava Beans Sea Salt And Balsamic Vinegar 6 Pack,4.8,/,36, Promoted,Add to cart,Save to list
SAVE $0.85,$1.95,$2.80 - $1.95 / 100G,Fantastic Delites Snacks Sea Salt & Balsamic Vinegar 100g,Add to cart,Save to list
$4.30,$4.30 / 100G,2 FOR $7.00 - $3.50/100G,Cadbury Dairy Milk Furry Friends Halloween Chocolate Multipack 100g,Add to cart,Save to list
SAVE $4.25,$4.25,$8.50 - $4.25 / 100G,Lindt Excellence Dark Chocolate 85% Cocoa Block 100g,Add to cart,Save to list
SAVE $2.70,$4.00,$6.70 - $3.64 / 100G,Cadbury Creme Egg Minis Chocolate Easter Eggs 110g,Add to cart,Save to list
$8.50,$2.24 / 100G,Smith's Crinkle Cut Potato Chips Party Bag Salt & Vinegar 380g,4.6,/,75,Add to cart,Save to list
EVERYDAY LOW PRICE,$4.90,$1.17 / 100G,Woolworths Choc Chip Muffin 4 Pack,4.7,/,788,Add to cart,Save to list
SAVE $2.80,$4.20,$7.00 - $2.21 / 100G,Cadbury Marvellous Creations Popping Candy Chocolate Block 190g,Add to cart,Save to list
SAVE $1.65,$3.85,$5.50 - $2.01 / 100G,Nice & Natural Nut Bar Chocolate 6 Pack,Add to cart,Save to list
$2.50,$6.25 / 100G,SAVE $2 WHEN YOU SPEND $10 ON SELECT DRINKS & CONFECT BARS*,Cadbury Twirl Breakaway Wafer Milk Chocolate Bar 40g,Add to cart,Save to list
SAVE $1.35,$4.50,$5.85 - $90.00 / 1KG,Jack Link's Original Beef Jerky 50g,Add to cart,Save to list
$4.50,$4.09 / 100G,Kellogg's Nutri Grain Bars Original 5 Pack,Add to cart,Save to list
$5.50,$4.10 / 100G,Pringles Sour Cream & Onion Potato Chips 134g,Promoted,Add to cart,Save to list
$6.00,$3.00 / 100G,The Happy Snack Company Roasted Chickpeas Lightly Salted 200g,Promoted,Add to cart,Save to list
SAVE $1.50,$4.50,$6.00 - $2.50 / 100G,Snickers Milk Chocolate Party Share Bag 12 Pieces 180g,Promoted,Add to cart,Save to list
EVERYDAY LOW PRICE,$5.50,$1.28 / 100G,The Natural Confectionery Co. Party Mix Large Lollies 430g,Promoted,Add to cart,Save to list
SAVE $1.00,$3.00,$4.00 - $1.20 / 100G,Arnotts Lemon Crisp Cream Biscuits 250g,Add to cart,Save to list
EVERYDAY LOW PRICE,$7.00,$1.91 / 100G,Oreo Minis Cookies Variety Bags 18 Pack 367g,Add to cart,Save to list
$7.00,$3.89 / 100G,2 FOR $10.00 - $2.78/100G,Cadbury Milk Chocolate Freddo Strawberry Share Pack 12 Piece 180g,Add to cart,Save to list
SAVE $1.20,$2.80,$4.00 - $1.51 / 100G,Arnotts Shapes Savoury Cracker Biscuits 185g,Add to cart,Save to list
$7.50,$3.57 / 100G,"Carman's Muesli Bars Dark Choc, Cherry & Coconut 6 pack",5.0,/,1,Add to cart,Save to list
$4.50,$1.80 / 100G,2 FOR $7.00 - $1.40/100G,Arnotts Sesame Wheat Crackers 250g,Add to cart,Save to list
SAVE $1.50,$4.50,$6.00 - $3.41 / 100G,Maltesers Milk Chocolate Party Share Bag 11 Pieces 132g,Promoted,Add to cart,Save to list
$5.50,$4.66 / 100G,Pringles Chipotle Sour Cream Flavour Stacked Potato Chips 118g,Promoted,Add to cart,Save to list
SAVE $1.50,$4.50,$6.00 - $2.57 / 100G,Fixate Natural Fruit Mango Passion5 Pack 175g,Promoted,Add to cart,Save to list
$6.00,$4.00 / 100G,The Happy Snack Company Roasted Fava Beans Lightly Salted 6 Pack,4.8,/,22, Promoted,Add to cart,Save to list
SAVE $1.80,$4.20,$6.00 - $3.18 / 100G,Nutella B-Ready Biscuit Multipack 6 pack,Add to cart,Save to list
$5.00,$2.27 / 100G,The Natural Confectionery Co. Rainbow Snakes Lollies 220g,Add to cart,Save to list
SAVE $1.50,$4.00,$5.50 - $2.16 / 100G,Uncle Tobys Muesli Bars Yoghurt & Strawberry 6 Pack,4.4,/,68,Add to cart,Save to list
$5.00,$2.50 / 100G,Arnotts Mini Scotch Finger Multipack Biscuits 8 Pack,Add to cart,Save to list
$4.50,$4.89 / 100G,2 FOR $7.00 - $3.80/100G,Kettle Multipack Sea Salt 5 Pack,Add to cart,Save to list
$8.50,$2.93 / 100G,Red Rock Deli Potato Chips Party Bag Honey Soy & Chicken 290g,4.7,/,73,Add to cart,Save to list
$6.50,$6.50 / 100G,Vege Chips Deli Crisps Original 100g,4.5,/,129,Add to cart,Save to list
SAVE $0.30,$2.70,$3.00 - $2.33 / 100G,Zappo Sour Chews Grape & Strawberry 4 Pack,Add to cart,Save to list
$18.00,$9.00 / 100G,Ferrero Rocher Chocolate Gift Box 16 Pack,5.0,/,1,Add to cart,Save to list
$6.00,$8.57 / 100G,Carman's Apple & Blueberry Fruit Straps 5 Pack,Add to cart,Save to list
$3.50,$3.89 / 100G,Cobs Natural Popcorn Best Ever Butter 90g,Add to cart,Save to list
$5.50,$4.10 / 100G,Pringles Bbq Stacked Potato Chips 134g,Add to cart,Save to list
$5.00,$2.78 / 100G,2 FOR $8.00 - $2.22/100G,Life Savers Fruit Pastilles 180g,5.0,/,1,Add to cart,Save to list
$5.00,$2.72 / 100G,Arnotts Tiny Teddy Hundreds & Thousands Multipack Biscuits 8 Pack,Add to cart,Save to list
$2.00,$13.33 / 100G,Topps Push Pop Candy 15g,5.0,/,1,Add to cart,Save to list
$6.00,$8.57 / 100G,Carman's Fruit Straps Apple & Mango Twin Packs 5 pack,4.0,/,1,Add to cart,Save to list
$4.50,$5.29 / 100G,Nerds Gummy Clusters Rainbow 85g,5.0,/,1,Add to cart,Save to list
$5.00,$3.70 / 100G,2 FOR $7.50 - $2.78/100G,Red Rock Deli Biscuit Crackers Share Pack Honey Soy & Chicken 135g,4.6,/,24,Add to cart,Save to list
$3.30,$3.14 / 100G,Sunbites Sea Salt Snack Crackers With Quinoa Share Pack 105g,4.7,/,55, Promoted,Add to cart,Save to list
$7.50,$2.50 / 100G,Snickers Milk Chocolate Party Share Bag 20 Pieces 300g,Promoted,Add to cart,Save to list
EVERYDAY LOW PRICE,$9.50,$3.96 / 100G,Fibre One Chocolate Fudge Brownie Bars 10 Pack,Promoted,Add to cart,Save to list
EVERYDAY LOW PRICE,$4.00,$2.11 / 100G,Cheezels Original Cheese Party Pack 190g,Add to cart,Save to list
$7.00,$4.38 / 100G,KitKat Milk Chocolate Block 160g,4.9,/,48,Add to cart,Save to list
$5.50,$3.67 / 100G,Arnotts Tim Tam Gluten Free Biscuits 150g,Add to cart,Save to list
SAVE $2.80,$4.20,$7.00 - $2.33 / 100G,Cadbury Dairy Milk Top Deck Chocolate Block 180g,Add to cart,Save to list
EVERYDAY LOW PRICE,$5.50,$1.91 / 100G,Sunbites Variety Box 12 Pack,4.7,/,55,Add to cart,Save to list
EVERYDAY LOW PRICE,$3.00,$8.00 / 1KG,Woolworths Salted Mixed Nut 375g,4.0,/,2128,Add to cart,Save to list
$34.00,$10.21 / 100G,Lindt Lindor Milk Chocolate Box 333g,5.0,/,2, Promoted,Add to cart,Save to list
SAVE $1.30,$4.70,$6.00 - $3.09 / 100G,Nature Valley Peanut & Chocolate Protein Bars 4 pack,Promoted,Add to cart,Save to list
SAVE $1.30,$4.70,$6.00 - $3.09 / 100G,Nature Valley Salted Caramel Protein Bars 4 pack,Promoted,Add to cart,Save to list
EVERYDAY LOW PRICE,$6.50,$0.22 / 1EA,Nestle Soothers Throat Lozenges Blackcurrant 30 Pack,Promoted,Add to cart,Save to list
SAVE $2.70,$4.00,$6.70 - $3.42 / 100G,Cadbury Turkish Delight Chocolate Easter Eggs 117g,Add to cart,Save to list
SAVE $3.00,$3.00,$6.00 - $1.50 / 100G,Arnotts Tim Tam Dark Chocolate Biscuits 200g,Add to cart,Save to list
EVERYDAY LOW PRICE,$3.00,$1.71 / 100G,Woolworths Sea Salt Deli Style Potato Chips 175g,4.4,/,470,Add to cart,Save to list
$5.00,$2.63 / 100G,Sour Patch Kids Lollies 190g,Add to cart,Save to list
EVERYDAY LOW PRICE,$9.00,$22.50 / 1KG,Woolworths Premium Oven Roasted Nut Mix 400g,Add to cart,Save to list
$5.00,$2.50 / 100G,2 FOR $8.00 - $2.00/100G,Life Savers Raspberry Sherbert Fizz Stix 200g,5.0,/,1,Add to cart,Save to list
$5.00,$2.27 / 100G,The Natural Confectionery Co. Sour Squirms Lollies 220g,Add to cart,Save to list
$5.00,$2.60 / 100G,Allen's Killer Python Lollies Bag 192g,4.7,/,47,Add to cart,Save to list
SAVE $1.25,$1.25,$2.50 - $2.50 / 100G,Chokito Caramel Milk Chocolate Bar 50g,Add to cart,Save to list
SAVE $2.75,$2.75,$5.50 - $1.02 / 100G,Darrell Lea Allsorts Liquorice 270g,Add to cart,Save to list
$6.50,$3.71 / 100G,Arnotts Tim Tam Deluxe Salted Caramel Brownie Chocolate Biscuits 175g,Add to cart,Save to list
$8.90,$5.56 / 100G,Noshu Low Carb Peanut & Caramel Nougat Indulgence Bars 5 Pack,Add to cart,Save to list
$3.70,$24.67 / 1KG,Woolworths Cashews 150g,4.5,/,1047,Add to cart,Save to list
$2.50,$6.25 / 100G,SAVE $2 WHEN YOU SPEND $10 ON SELECT DRINKS & CONFECT BARS*,Cadbury Cherry Ripe Double Dipped Dark Chocolate Bar 40g,Add to cart,Save to list
$7.00,$4.86 / 100G,2 FOR $10.00 - $3.47/100G,Cadbury Milk Chocolate Freddo Milky Top Share Pack 12 Pieces 144g,5.0,/,1,Add to cart,Save to list
EVERYDAY LOW PRICE,$9.00,$3.85 / 100G,Uncle Tobys Rollups Value Pack 15 Pack,5.0,/,1,Add to cart,Save to list
$4.00,$10.00 / 100G,Eclipse Spearmint Sugar Free Mints Tin 40g,Add to cart,Save to list
EVERYDAY LOW PRICE,$4.90,$1.17 / 100G,Woolworths Blueberry Muffins 4 Pack,4.7,/,806,Add to cart,Save to list
$5.50,$4.10 / 100G,Pringles Original Salted Potato Chips 134g,Promoted,Add to cart,Save to list
$5.50,$4.66 / 100G,Pringles Zesty Chilli & Lime Flavour Stacked Potato Chips 5 Pack 118g,Promoted,Add to cart,Save to list
SAVE $5.00,$25.00,$30.00 - $10.42 / 100G,Lindt Easter Gold Bunny & Egg Milk Chocolate Gift Box 240g,Promoted,Add to cart,Save to list
$3.45,$138.00 / 1KG,Kooee Sticks Organic Beef Sea Salt 25g,Add to cart,Save to list
$5.50,$2.07 / 100G,McVitie's Digestives Dark Chocolate 266g,Add to cart,Save to list
SAVE $1.50,$4.50,$6.00 - $2.83 / 100G,Twix Milk Chocolate Party Share Bag 11 Pieces 159g,Add to cart,Save to list
EVERYDAY LOW PRICE,$6.00,$3.33 / 100G,Jumpy's Variety Multi Pack Chips 10 Pack,Add to cart,Save to list
SAVE $2.25,$2.25,$4.50 - $0.89 / 100G,Belvita Strawberry Yoghurt Sandwich Breakfast Biscuits 5 Pack 253g,Add to cart,Save to list
$4.20,$14.00 / 1KG,Woolworths Pepitas 300g,4.5,/,850,Add to cart,Save to list
$5.50,$2.75 / 100G,Arnotts Royals Milk Chocolate Biscuits 200g,Add to cart,Save to list
SAVE $2.80,$4.20,$7.00 - $2.33 / 100G,Cadbury Dream White Chocolate Block 180g,Add to cart,Save to list
EVERYDAY LOW PRICE,$4.00,$1.82 / 100G,Burger Rings Puffs Corn Snacks Party Bag Tangy Burger 220g,Add to cart,Save to list
$3.00,$1.21 / 100G,Woolworths Muesli Bar Choc Chip 8 Pack,3.6,/,238,Add to cart,Save to list
SAVE $1.00,$3.00,$4.00 - $1.50 / 100G,Arnotts Tina Wafer Biscuits 200g,Add to cart,Save to list
$4.50,$4.41 / 100G,2 FOR $7.00 - $3.43/100G,Cheetos Cheese & Bacon Balls Multipack Snacks 6 Pack,4.5,/,4,Add to cart,Save to list
EVERYDAY LOW PRICE,$3.00,$1.71 / 100G,Smith's Thinly Cut Potato Chips Share Pack Sour Cream & Onion 175g,4.7,/,26,Add to cart,Save to list
$2.70,$4.50 / 100G,Smith's Crinkle Cut Potato Chips Original 60g,4.7,/,51,Add to cart,Save to list
SAVE $0.70,$2.80,$3.50 - $11.67 / 1KG,Sunbeam Australian Sultanas 6 Pack,Add to cart,Save to list
EVERYDAY LOW PRICE,$2.00,$0.63 / 100G,Woolworths Musk Sticks 320g,4.1,/,688,Add to cart,Save to list
$5.00,$2.27 / 100G,The Natural Confectionery Co. Fruit Salad Soft Jellies Lollies 220g,Add to cart,Save to list
SAVE $2.00,$3.00,$5.00 - $1.67 / 100G,Cadbury Breakaway Milk Chocolate Biscuits 180g,Add to cart,Save to list
$6.00,$4.00 / 100G,The Happy Snack Company Roasted Fava Beans Red Pepper & Chilli 6 Pack,4.8,/,18, Promoted,Add to cart,Save to list
SAVE $1.50,$4.50,$6.00 - $2.57 / 100G,Fixate Natural Fruit Choc Berry 5 Pack 175g,Promoted,Add to cart,Save to list
EVERYDAY LOW PRICE,$10.00,$1.98 / 100G,Nature Valley Crunchy Family Variety Granola Bars 42g x 12 pack,Promoted,Add to cart,Save to list
$34.00,$10.40 / 100G,Lindt Lindor Dark Assorted Chocolate Box 327g,4.0,/,2, Promoted,Add to cart,Save to list
SAVE $2.40,$3.60,$6.00 - $2.12 / 100G,Pringles Big Stack for Sharing Original Potato Chips 170g,Promoted,Add to cart,Save to list
EVERYDAY LOW PRICE,$6.50,$0.22 / 1EA,Nestle Soothers Throat Lozenge Eucalyptus & Menthol 3 Pack,Promoted,Add to cart,Save to list
SAVE $1.50,$4.50,$6.00 - $2.57 / 100G,Fixate Natural Fruit Lemon Coconut 5 Pack 175g,Promoted,Add to cart,Save to list
$7.90,$3.95 / 100G,Carman's Protein Bars Salted Dark Choc & Almond 5 pack,Add to cart,Save to list
EVERYDAY LOW PRICE,$4.25,$0.85 / 100G,Woolworths Family Assorted Biscuits 500g,3.8,/,741,Add to cart,Save to list
$2.75,$11.00 / 1KG,McKenzie's Coconut Fine Desiccated 250g,Add to cart,Save to list
$7.00,$3.89 / 100G,2 FOR $12.00 - $3.33/100G,Cadbury Old Gold Peppermint Dark Chocolate Block 180g,Add to cart,Save to list
$4.00,$10.00 / 100G,Eclipse Peppermint Sugar Free Mints Tin 40g,Add to cart,Save to list
SAVE $16.00,$16.00,$32.00 - $1.95 / 100G,Cadbury Favourites Boxed Chocolate 820g,4.0,/,2,Add to cart,Save to list
SAVE $11.00,$11.00,$22.00 - $2.12 / 100G,Cadbury Favourites Party Edition Boxed Chocolate 520g,5.0,/,2,Add to cart,Save to list
SAVE $0.60,$1.60,$2.20 - $0.94 / 100G,Woolworths Rosemary Wheaten Crackers 170G,4.4,/,933,Add to cart,Save to list
$4.00,$4.44 / 100G,2 FOR $7.00 - $3.89/100G,Calbee Harvest Snaps Baked Pea Crisps Sour Cream & Chives 5 Pack 90g,Add to cart,Save to list
$6.25,$2.08 / 100G,Chupa Chups Lollipops Best Of 25 Pack,4.0,/,2,Add to cart,Save to list
EVERYDAY LOW PRICE,$7.50,$3.29 / 100G,Pringles Minis Variety Mix Potato Chips 12 Pack 228g,Add to cart,Save to list
$6.00,$3.16 / 100G,Arnotts Wagon Wheels Multipack Chocolate Biscuits 8 Pack,Add to cart,Save to list
EVERYDAY LOW PRICE,$3.00,$1.71 / 100G,Smith's Thinly Cut Potato Chips Share Pack Salt & Vinegar 175g,4.6,/,27,Add to cart,Save to list
$7.00,$4.38 / 100G,Cadbury Pascall Clinker Milk Chocolate Lollies Snack & Share Bag 160g,Add to cart,Save to list
SAVE $2.70,$4.00,$6.70 - $3.54 / 100G,Cadbury Caramilk Chocolate Easter Eggs 113g,Add to cart,Save to list
EVERYDAY LOW PRICE,$4.00,$1.48 / 100G,Twisties Snacks Party Bag Share Pack Chicken Cheese 270g,4.2,/,33,Add to cart,Save to list
$7.90,$3.95 / 100G,Carman's Protein Bars Greek Style Yoghurt & Berry 5 pack,Add to cart,Save to list
EVERYDAY LOW PRICE,$3.30,$1.38 / 100G,Mother Earth Golden Baked Oaty Slice Golden Oats 6 Pack 240g,Add to cart,Save to list
$2.10,$2.33 / 100G,5 FOR $5.00 - $1.11/100G,Sakata Rice Cracker Biscuits Plain 90g,4.6,/,53, Promoted,Add to cart,Save to list
$7.00,$5.00 / 100G,Maltesers Milk Chocolate Snack & Share Bag 140g,5.0,/,1, Promoted,Add to cart,Save to list
$7.00,$3.89 / 100G,M&M's Peanut Milk Chocolate Snack & Share Bag 180g,Promoted,Add to cart,Save to list
$7.00,$4.83 / 100G,M&M's Crispy Milk Chocolate Snack & Share Bag 145g,Promoted,Add to cart,Save to list
EVERYDAY LOW PRICE,$5.50,$1.57 / 100G,The Natural Confectionery Co. Fruity Chews Lollies 350g,Promoted,Add to cart,Save to list
SAVE $2.00,$5.00,$7.00 - $3.94 / 100G,Smarties Milk Chocolate 11 Mini Boxes Share Pack 127g,Add to cart,Save to list
SAVE $8.00,$8.00,$16.00 - $2.35 / 100G,Cadbury Favourites Boxed Chocolate 340g,Add to cart,Save to list
SAVE $2.00,$5.00,$7.00 - $3.25 / 100G,KitKat Milk Chocolate 11 Mini Bars Share Pack 154g,Add to cart,Save to list
EVERYDAY LOW PRICE,$5.00,$1.32 / 100G,Arnotts Jatz Original Entertainers Pack 380g,Add to cart,Save to list
SAVE $2.20,$9.00,$11.20 - $45.00 / 1KG,Babybel Cheese Portions 200g,Add to cart,Save to list
SAVE $1.65,$3.85,$5.50 - $2.01 / 100G,Nice & Natural Nut Bar Trail Mix 6 Pack,Add to cart,Save to list
SAVE $1.50,$3.50,$5.00 - $1.75 / 100G,Arnotts Shapes Multipack Cracker Biscuits Pizza 8 pack,Add to cart,Save to list
$6.50,$1.60 / 100G,Mentos Single Serve Chewy Fruit 405g,5.0,/,1,Add to cart,Save to list
SAVE $1.00,$3.00,$4.00 - $1.43 / 100G,Arnotts Iced Vo Vo Biscuits 210g,Add to cart,Save to list
SAVE $1.00,$1.00,$2.00 - $3.33 / 100G,Cadbury Chomp Milk Chocolate Bar 30g,Add to cart,Save to list
SAVE $2.00,$4.00,$6.00 - $3.33 / 100G,Darrell Lea Milk Chocolate Speckled Easter Eggs 120g,Add to cart,Save to list
$7.00,$3.89 / 100G,M&M's Milk Chocolate Snack & Share Bag 180g,Promoted,Add to cart,Save to list
$5.50,$4.10 / 100G,Pringles Salt & Vinegar Flavour Potato Chips 134g,Promoted,Add to cart,Save to list
$3.80,$4.18 / 100G,Sakata Stars Snack Sized Cheese Rice Crackers Multipack 13g x 7 Pack,Promoted,Add to cart,Save to list
$5.50,$2.97 / 100G,Kellogg's k-Time Baked Twists Strawberry & Blueberry Flavour Snack Bars 5 Pack,Add to cart,Save to list
$4.25,$0.85 / 100G,Woolworths Creams Assorted Biscuits 500G,3.6,/,961,Add to cart,Save to list
SAVE $2.80,$4.20,$7.00 - $2.33 / 100G,Cadbury Dairy Milk Fruit & Nut Chocolate Block 180g,Add to cart,Save to list
EVERYDAY LOW PRICE,$3.60,$72.00 / 1KG,Woolworths Beef Jerky Bbq 50g,3.7,/,828,Add to cart,Save to list
EVERYDAY LOW PRICE,$1.90,$0.76 / 100G,Woolworths Gingernut Biscuits 250g,4.4,/,2336,Add to cart,Save to list
EVERYDAY LOW PRICE,$3.80,$2.30 / 100G,Tyrrell's Crinkly Chips Lightly Sea Salted 165g,Add to cart,Save to list
$5.00,$3.85 / 100G,Red Rock Deli Gourmet Crackers Aged Cheddar & Caramelised Onion 130g,4.5,/,69, Promoted,Add to cart,Save to list
SAVE $2.20,$4.70,$6.90 - $3.92 / 100G,Fibre One 90 Calorie Lemon Drizzle Squares 5 Pack 120g,Promoted,Add to cart,Save to list
SAVE $2.20,$4.70,$6.90 - $1.87 / 100G,Nature Valley Crunchy Oats & Honey Granola Bars 42g x 6 pack,Promoted,Add to cart,Save to list
SAVE $2.20,$4.70,$6.90 - $3.92 / 100G,Fibre One 90 Calorie Salted Caramel Squares 24g x 5 pack,Promoted,Add to cart,Save to list
EVERYDAY LOW PRICE,$2.30,$1.31 / 100G,Woolworths Crinkle Cut Chips Roast Chicken 175g,4.3,/,430,Add to cart,Save to list
SAVE $0.50,$6.00,$6.50 - $1.43 / 100G,Allen's Big Red Frogs Lollies Family Size Bag 420g,Add to cart,Save to list
SAVE $1.30,$1.30,$2.60 - $1.44 / 100G,Chickadees Chicken Flavoured Snacks 90g,Add to cart,Save to list
$7.90,$3.95 / 100G,Carman's Protein Bars Salted Caramel Nut Butter 5 pack,Add to cart,Save to list
SAVE $1.35,$4.25,$5.60 - $3.13 / 100G,Nice & Natural Fruit Strings Strawberry 136g,Add to cart,Save to list
SAVE $2.00,$2.00,$4.00 - $1.43 / 100G,Haribo Sweet & Sour Bears 140g,Add to cart,Save to list
SAVE $1.00,$3.50,$4.50 - $1.17 / 100G,Belvita Chocolate Breakfast Biscuits 6 Pack 300g,Add to cart,Save to list
SAVE $2.10,$4.90,$7.00 - $6.53 / 100G,Kinder Surprise Milk Chocolate Blue Easter Bunny 75g,Add to cart,Save to list
$7.90,$3.95 / 100G,"Carman's Protein Bars Coconut, Yoghurt & Roasted Nut 5 pack",Add to cart,Save to list
$2.50,$10.00 / 100G,NOMO Cookie Dough Easter Bunny 25g,Add to cart,Save to list
SAVE $1.00,$3.50,$4.50 - $2.80 / 100G,Always Fresh Grissini Rosemary & Sea Salt 125g,Add to cart,Save to list
$4.50,$18.00 / 1KG,Macro Natural Pumpkin Kernels 250g,4.2,/,682,Add to cart,Save to list
SAVE $2.20,$4.00,$6.20 - $2.29 / 100G,Carman's Oat Slices Belgian Choc Brownies 5 slices,Add to cart,Save to list
$5.00,$1.67 / 100G,Woolworths Crispbread & Cheese Cheddar Dip 12 Pack,4.1,/,826,Add to cart,Save to list
SAVE $2.50,$2.50,$5.00 - $1.43 / 100G,The Natural Chip Co Sea Salt 175G,Add to cart,Save to list
EVERYDAY LOW PRICE,$0.95,$0.95 / 100G,Woolworths Sweet & Salty Microwave Popcorn 100g,4.3,/,2038,Add to cart,Save to list
$5.50,$2.97 / 100G,Kellogg's k-Time Baked Twists Strawberry & Yoghurt Flavour Snack Bars 5 Pack,Add to cart,Save to list
$2.10,$2.63 / 100G,5 FOR $5.00 - $1.25/100G,Sakata Rice Cracker Biscuits Seaweed 80g,4.7,/,51, Promoted,Add to cart,Save to list
$7.00,$3.89 / 100G,M&M's Milk Chocolate Snack & Share Bag 180g,Promoted,Add to cart,Save to list
$5.50,$4.10 / 100G,Pringles Salt & Vinegar Flavour Potato Chips 134g,Promoted,Add to cart,Save to list
$13.00,$17.33 / 1KG,Woolworths Almonds Kernels 750g Pack,Add to cart,Save to list
SAVE $1.50,$4.50,$6.00 - $3.04 / 100G,M&M's Milk Chocolate Party Share Bag 11 Pieces 148g,Add to cart,Save to list
$5.00,$3.21 / 100G,2 FOR $5.00 - $1.60/100G,Cadbury Choc Centre Cookies 156g,Add to cart,Save to list
$2.70,$3.38 / 100G,Cheetos Puffs Flavoured Snacks 80g,4.9,/,8,Add to cart,Save to list
SAVE $1.80,$4.20,$6.00 - $2.18 / 100G,Nutella Biscuits 193g,4.0,/,2,Add to cart,Save to list
EVERYDAY LOW PRICE,$2.50,$1.32 / 100G,Woolworths Cheese Rings 190g,4.7,/,1312,Add to cart,Save to list
$5.00,$3.70 / 100G,2 FOR $7.50 - $2.78/100G,Red Rock Deli Deli Style Crackers Cheddar & Parmesan 135g,4.6,/,23, Promoted,Add to cart,Save to list
$5.00,$3.70 / 100G,2 FOR $7.50 - $2.78/100G,Red Rock Deli Deli Style Crackers Sweet Chilli & Sour Cream 135g,4.9,/,30, Promoted,Add to cart,Save to list
SAVE $1.80,$2.70,$4.50 - $5.40 / 100G,The Man Bar Chunky Choc 50g,Promoted,Add to cart,Save to list
$3.80,$4.18 / 100G,Sakata Stars Snack Sized Original Rice Crackers Multipack 13g x 7 Pack,Promoted,Add to cart,Save to list
SAVE $1.25,$1.25,$2.50 - $2.50 / 100G,Violet Crumble Chocolate Bar 50G,Add to cart,Save to list
$5.50,$2.75 / 100G,Arnotts Caramel Crown Chocolate Biscuits 200g,Add to cart,Save to list
$2.10,$2.33 / 100G,5 FOR $5.00 - $1.11/100G,Sakata Rice Cracker Biscuits Chicken 90g,Add to cart,Save to list
EVERYDAY LOW PRICE,$2.20,$1.38 / 100G,Woolworths Sour Cream & Onion Stacked Chips 160g,3.8,/,424,Add to cart,Save to list
$2.70,$4.50 / 100G,Smith's Crinkle Cut Chips Salt & Vinegar 60g,4.6,/,75,Add to cart,Save to list
$6.50,$1.55 / 100G,Tasti Nut Bar Peanut Butter 420g,5.0,/,1,Add to cart,Save to list
SAVE $2.80,$4.20,$7.00 - $2.33 / 100G,Cadbury Caramilk Chocolate Block 180g,5.0,/,1,Add to cart,Save to list
$3.80,$3.30 / 100G,Ceres Organics Brown Rice Crackers Chia 115g,4.9,/,21,Add to cart,Save to list
SAVE $2.10,$4.90,$7.00 - $6.53 / 100G,Kinder Surprise Milk Chocolate Pink Easter Bunny 75g,Add to cart,Save to list
SAVE $2.80,$4.20,$7.00 - $2.33 / 100G,Cadbury Dairy Milk Snack Chocolate Block 180g,Add to cart,Save to list
$3.00,$1.21 / 100G,Woolworths Muesli Bars Yoghurt & Strawberry 248g 8 Pack,3.6,/,73,Add to cart,Save to list
$2.50,$2.50 / 100G,Fantastic Rice Crackers Seaweed 100g,Add to cart,Save to list
SAVE $1.50,$4.00,$5.50 - $4.26 / 100G,Uncle Tobys Roll-Ups Rainbow Fruit Salad 6 Pack,2.5,/,23,Add to cart,Save to list
$7.00,$4.86 / 100G,2 FOR $10.00 - $3.47/100G,Cadbury Dream Freddo White Chocolate Share Pack 12 Mini Bars 144g,Add to cart,Save to list
$5.00,$3.33 / 100G,Doritos Corn Chips Share Pack Thai Sweet Chili 150g,Add to cart,Save to list
SAVE $1.30,$1.30,$2.60 - $1.44 / 100G,Samboy Samboy Barbecue Crinkle Cut Potato Chips 90g,5.0,/,1,Add to cart,Save to list
$4.00,$3.08 / 100G,Arnotts Shapes Fully Loaded Ultimate Cheese Cracker Biscuits 130g,Add to cart,Save to list
$5.00,$2.63 / 100G,Allen's Strawberry & Cream Lollies Bag 190g,4.6,/,71,Add to cart,Save to list
$5.00,$3.70 / 100G,2 FOR $7.50 - $2.78/100G,Red Rock Deli Deli Style Crackers Sea Salt & Balsamic Vinegar 135g,4.6,/,27, Promoted,Add to cart,Save to list
SAVE $2.20,$4.70,$6.90 - $4.48 / 100G,Fibre One 90 Calorie Milk Chocolate Popcorn Bars 21g x 5 pack,Promoted,Add to cart,Save to list
$5.00,$2.78 / 100G,The Natural Confectionery Co. Berry Bliss Lollies 180g,5.0,/,1, Promoted,Add to cart,Save to list
EVERYDAY LOW PRICE,$7.00,$1.84 / 100G,Skittles Fruits Chewy Lollies Party Share Bag 380g,Promoted,Add to cart,Save to list
$4.00,$4.00 / 100G,Pop Box Mega Butter Microwave Popcorn 100g,Promoted,Add to cart,Save to list
SAVE $2.25,$2.25,$4.50 - $2.25 / 100G,Olina's Bakehouse Artisan Cracker Biscuits Date & Apricot 100G,Add to cart,Save to list
$4.30,$2.97 / 100G,Kurrajong Kitchen Lavosh Bites Original 145g,Add to cart,Save to list
$5.00,$7.81 / 100G,2 FOR $9.00 - $7.03/100G,Extra White Peppermint Sugar Free Chewing Gum Bottle 64g,Add to cart,Save to list
SAVE $0.50,$2.80,$3.30 - $1.12 / 100G,Arnotts Teddy Bear Plain Biscuits 250g,Add to cart,Save to list
SAVE $1.50,$3.00,$4.50 - $3.00 / 100G,Arnotts Seeded Crackers Sea Salt 100g,Add to cart,Save to list
$2.50,$5.68 / 100G,SAVE $2 WHEN YOU SPEND $10 ON SELECT DRINKS & CONFECT BARS*,Cadbury Dairy Milk Breakaway Chocolate Bar 44g,Add to cart,Save to list
$5.00,$7.81 / 100G,2 FOR $9.00 - $7.03/100G,Extra White Bubblemint Sugar Free Chewing Gum Bottle 64g,Add to cart,Save to list
$5.20,$1.04 / 100G,Woolworths Fruit Bars Assorted 25 Pack,4.5,/,548,Add to cart,Save to list
SAVE $1.25,$1.25,$2.50 - $2.60 / 100G,KitKat Chunky Gooey Caramel 48g,5.0,/,1,Add to cart,Save to list
SAVE $4.25,$4.25,$8.50 - $4.25 / 100G,Lindt Excellence Mint Intense Dark Chocolate Block 100g,4.0,/,1,Add to cart,Save to list
$8.90,$5.56 / 100G,Noshu Low Carb Cherry & Coconut Indulgence Bars 5 Pack,5.0,/,1,Add to cart,Save to list
SAVE $3.00,$6.50,$9.50 - $4.92 / 100G,Cadbury Humpty Chocolate Easter Egg Gift Box 132g,Add to cart,Save to list
EVERYDAY LOW PRICE,$3.00,$1.71 / 100G,Smith's Thinly Cut Potato Chips Share Pack Sweet Chilli & Sour Cream 175g,Add to cart,Save to list
$8.70,$48.33 / 1KG,Woolworths Pine Nuts 180g,4.6,/,561,Add to cart,Save to list
$16.00,$21.33 / 1KG,Woolworths Cashews Roasted & Salted 750g Pack,Add to cart,Save to list
$5.00,$7.81 / 100G,2 FOR $9.00 - $7.03/100G,Extra Peppermint Sugar Free Chewing Gum Bottle 64g,5.0,/,1,Add to cart,Save to list
EVERYDAY LOW PRICE,$4.00,$2.42 / 100G,Cheetos Puffs Cheese Snacks Party Bag Cheese 165g,5.0,/,1,Add to cart,Save to list
$3.00,$2.29 / 100G,Oreo Double Stuff Cookies 131g,Add to cart,Save to list
$2.50,$5.00 / 100G,Whittaker's Peanut Slab Milk Chocolate 50g,Promoted,Add to cart,Save to list
$2.50,$8.33 / 100G,Boodles Boosted Chocolate Speckle 30g,Promoted,Add to cart,Save to list
SAVE $1.25,$1.25,$2.50 - $2.60 / 100G,KitKat Chunky Bar 48g,Promoted,Add to cart,Save to list
$8.50,$3.40 / 100G,Whittaker's Block Creamy Caramel 33% Cocoa 250g,5.0,/,3, Promoted,Add to cart,Save to list
$5.00,$4.17 / 100G,Sunrice Mini Bites Chicken Multipack Kids Lunchbox Snacks 6 pack,Add to cart,Save to list
EVERYDAY LOW PRICE,$5.50,$1.28 / 100G,The Natural Confectionery Co. Party Mix Large Lollies 430g,Add to cart,Save to list
SAVE $2.50,$2.50,$5.00 - $1.43 / 100G,The Natural Chip Co Sea Salt & Vinegar 175G,3.5,/,2,Add to cart,Save to list
SAVE $1.00,$3.00,$4.00 - $1.50 / 100G,Arnotts Hundreds & Thousands Biscuits 200g,Add to cart,Save to list
$3.50,$3.02 / 100G,Beacon Fizzer Faves 10 Bars 116g,Add to cart,Save to list
$5.00,$2.50 / 100G,Tasti Protein Bar Salted Caramel 200g,5.0,/,1,Add to cart,Save to list
SAVE $2.80,$4.20,$7.00 - $2.33 / 100G,Cadbury Dairy Milk Black Forest Chocolate Block 180g,Add to cart,Save to list
SAVE $0.85,$1.95,$2.80 - $1.95 / 100G,Fantastic Delites Snacks Honey Soy Chicken 100g,Add to cart,Save to list
$3.00,$6.98 / 100G,Kinder Bueno Milk Chocolate Bar 43g,Add to cart,Save to list
SAVE $4.25,$4.25,$8.50 - $4.25 / 100G,Lindt Excellence Sea Salt Dark Chocolate Block 100g,Add to cart,Save to list
SAVE $3.00,$2.00,$5.00 - $1.25 / 100G,Allen's Monopoly Inspired Fruity Flavoured Lollies 160g,4.0,/,24,Add to cart,Save to list
$3.75,$1.83 / 100G,Woolworths Free From Gluten Arrowroot Biscuit 205g,4.0,/,247,Add to cart,Save to list
SAVE $2.00,$6.00,$8.00 - $4.00 / 100G,DESIGNS MAY VARY,Cadbury Dairy Milk Chocolate Easter Bunny 150g,Add to cart,Save to list
EVERYDAY LOW PRICE,$3.30,$1.38 / 100G,Mother Earth Baked Oat Slices Chocolate Oats 6 Pack,Add to cart,Save to list
SAVE $2.70,$4.00,$6.70 - $3.51 / 100G,Cadbury Top Deck Chocolate Easter Eggs 114g,Add to cart,Save to list
SAVE $2.70,$4.00,$6.70 - $3.64 / 100G,Cadbury Dream White Chocolate Easter Eggs 110g,Add to cart,Save to list
$2.70,$4.50 / 100G,Smith's Crinkle Cut Potato Chips Chicken 60g,4.3,/,11,Add to cart,Save to list
$5.60,$4.67 / 100G,Sun Valley True Fruit Strapple Apple & Strawberry Fruit Strips 120g,Add to cart,Save to list
$8.00,$2.86 / 100G,Maltesers Milk Chocolate Snack Party Bag 280g,Promoted,Add to cart,Save to list
EVERYDAY LOW PRICE,$5.50,$1.25 / 100G,The Natural Confectionery Co. Snakes Lollies 440g,Promoted,Add to cart,Save to list
$6.00,$3.16 / 100G,Skittles Sours Chewy Lollies Party Share Bag 190g,Promoted,Add to cart,Save to list
$2.10,$2.63 / 100G,5 FOR $5.00 - $1.25/100G,Sakata Wholegrain Rice Crackers Original 80g,Promoted,Add to cart,Save to list
EVERYDAY LOW PRICE,$1.90,$0.95 / 100G,Woolworths Chicken Blasts Crackers 200G,4.2,/,2446,Add to cart,Save to list
$4.50,$2.25 / 100G,Woolworths Free From Gluten Choc Chip Mini Cookies 8 Pack,4.3,/,597,Add to cart,Save to list
SAVE $2.50,$3.50,$6.00 - $3.18 / 100G,Cadbury Crunchie Chocolate Hollow Easter Egg 110g,Add to cart,Save to list
$7.90,$3.95 / 100G,Carman's Protein Bars Cookies & Cream Limited Edition 5 pack,Add to cart,Save to list
$2.70,$4.15 / 100G,Twisties Zig Zag Wicked Cheddar Snack Bag Share Pack 65g,5.0,/,1,Add to cart,Save to list
SAVE $2.80,$4.20,$7.00 - $2.33 / 100G,Cadbury Dairy Milk Roast Almond Chocolate Block 180g,Add to cart,Save to list
$7.50,$2.78 / 100G,"Carman's Muesli Bars SuperBerry, Cranberry, Blueberry & Goji 6 pack",Add to cart,Save to list
$5.00,$2.78 / 100G,2 FOR $8.00 - $2.22/100G,Life Savers Blackcurrant Pastilles 180g,Add to cart,Save to list
EVERYDAY LOW PRICE,$3.80,$2.53 / 100G,Woolworths Cheddar Cheese Puff Pastry Twist Crackers 150G,4.0,/,1556,Add to cart,Save to list
EVERYDAY LOW PRICE,$9.00,$2.50 / 100G,Kellogg's LCMs Variety Family Pack Bars 18 pack,Add to cart,Save to list
$6.00,$1.60 / 100G,Old El Paso Enchilada Cooking Sauce Enchilada Sauce 375g,Add to cart,Save to list
$6.70,$3.83 / 100G,2 FOR $10.00 - $2.86/100G,"Uncle Tobys Protein Raspberry, Goji & White Choc Muesli Bars 5 Pack",4.5,/,315,Add to cart,Save to list
$1.30,$1.30 / 100G,Woolworths Thin & Crispy Rice Crackers Cheese 100g,4.1,/,444,Add to cart,Save to list
$2.10,$2.63 / 100G,5 FOR $5.00 - $1.25/100G,Sakata Wholegrain Rice Crackers Original 80g,Promoted,Add to cart,Save to list
SAVE $4.25,$4.25,$8.50 - $5.31 / 100G,Lindt Excellence 95% Cocoa Dark Chocolate Block 80g,4.0,/,1, Promoted,Add to cart,Save to list
$6.00,$6.00 / 100G,The Happy Snack Company Chickpeas Dark Choc And Raspberry 5 Pack,Promoted,Add to cart,Save to list
$6.00,$6.00 / 100G,The Happy Snack Company Chickpeas Chocolate 5 Pack,Promoted,Add to cart,Save to list
SAVE $19.00,$19.00,$38.00 - $4.99 / 100G,Lindt Easter Gala Chocolate Gold Edition Gift Box 381g,Promoted,Add to cart,Save to list
$5.00,$4.17 / 100G,Calbee Harvest Snaps Wasabi 120g,Add to cart,Save to list
EVERYDAY LOW PRICE,$10.00,$22.22 / 1KG,Woolworths Cashews 450g,4.5,/,557,Add to cart,Save to list
EVERYDAY LOW PRICE,$7.00,$2.99 / 100G,Cadbury Freddo & Caramello Milk Chocolate Share Pack 18 Piece 234g,Add to cart,Save to list
SAVE $15.00,$15.00,$30.00 - $4.00 / 100G,Ferrero Rocher Chocolate Gift Box 30 Pack,Add to cart,Save to list
$4.00,$4.21 / 100G,2 FOR $7.00 - $3.68/100G,Pringles Minis Multipack Salt & Vinegar Potato Chips 5 pack,Add to cart,Save to list
EVERYDAY LOW PRICE,$3.00,$1.71 / 100G,Woolworths Honey Soy Chicken Deli Style Chips 175g,4.4,/,263,Add to cart,Save to list
$2.60,$5.42 / 1KG,Woolworths Peach In Mango Flavoured Jelly 4 Pack,4.1,/,816,Add to cart,Save to list
$4.00,$3.08 / 100G,Arnotts Shapes Fully Loaded Flame Grilled Chicken Crackers 130g,Add to cart,Save to list
SAVE $1.50,$3.50,$5.00 - $1.75 / 100G,Arnotts Shapes Multipack Cracker Biscuits Vegemite & Cheese 8 pack,5.0,/,1,Add to cart,Save to list
SAVE $4.00,$14.00,$18.00 - $2.15 / 100G,Cadbury Selections Chocolate Easter Eggs 650g,Add to cart,Save to list
$34.00,$10.21 / 100G,Lindt Lindor Assorted Chocolate Box 333g,5.0,/,1, Promoted,Add to cart,Save to list
EVERYDAY LOW PRICE,$6.50,$0.22 / 1EA,Nestle Soothers Butter-Menthol Throat Lozenge 3 pack,Promoted,Add to cart,Save to list
$5.50,$4.66 / 100G,Pringles Japanese Sticky Teriyaki Flavour Potato Chips 118g,Promoted,Add to cart,Save to list
SAVE $19.00,$19.00,$38.00 - $4.96 / 100G,Lindt Easter Gala Chocolate Gift Box 383g,5.0,/,3, Promoted,Add to cart,Save to list
LOWER AUTUMN PRICE,$8.00,$20.00 / 1KG,WAS $8.50 - 25/02/2025,Woolworths Cashews Roasted 400g,Add to cart,Save to list
$7.90,$5.27 / 100G,"Carman's Protein Bars Seed & Plant, Raspberry & Pistachio 5 pack",5.0,/,1,Add to cart,Save to list
$18.00,$10.47 / 100G,Ferrero Collection Rocher Raffaello Rondnoir Chocolate Gift Box 15 Pack,Add to cart,Save to list
SAVE $1.35,$4.50,$5.85 - $90.00 / 1KG,Jack Link's Bbq Beef Jerky 50g,Add to cart,Save to list
SAVE $1.65,$3.85,$5.50 - $2.01 / 100G,Nice & Natural Nut Bar Yoghurt 6 Pack,Add to cart,Save to list
$6.00,$1.54 / 100G,Old El Paso Nachos Salsa Topping Mild Mild 390g,Add to cart,Save to list
$5.00,$4.17 / 100G,Sunrice Mini Bites Salt & Vinegar Kids Lunchbox Snacks 6 pack,Add to cart,Save to list
$10.00,$3.79 / 100G,Uncle Tobys Le Snak Cheddar Cheese Dip & Crackers 12 Pack,5.0,/,2,Add to cart,Save to list
EVERYDAY LOW PRICE,$8.00,$2.35 / 100G,Smarties Milk Chocolate Family Size Bag 340g,Add to cart,Save to list
$7.90,$3.95 / 100G,Carman's Protein Bars Voilet Crumble Limited Edition 200g x 5 pack,Add to cart,Save to list
$4.80,$26.67 / 1KG,Macy and Tailor Oven Baked Pressed Pretzels Sea Salt 180g,Add to cart,Save to list
SAVE $1.65,$3.85,$5.50 - $2.14 / 100G,Nice & Natural Chocolate Nut Bar Apricot 180g x6 Pack,Add to cart,Save to list
$5.00,$41.67 / 1KG,Calbee Harvest Snaps Baked Pea Crisps Supreme Cheese Flavour 120g,Add to cart,Save to list
SAVE $6.00,$12.00,$18.00 - $6.00 / 100G,Lindt Easter Gold Bunny Milk Chocolate 200g,Add to cart,Save to list
LOWER AUTUMN PRICE,$3.90,$2.44 / 100G,RANGE WAS $4.40 - 25/02/2025,Iddy Biddy Fruit Snacks Berry 20g x8 Pack,Add to cart,Save to list
$4.50,$4.50 / 100G,Kellogg's LCMs Choc Chip Rice Bubbles Snack Bars 5 pack,Add to cart,Save to list
EVERYDAY LOW PRICE,$11.50,$2.13 / 100G,Carman's Muesli Bars Classic Fruit & Nut Value 12 pack,5.0,/,1,Add to cart,Save to list
SAVE $1.10,$2.40,$3.50 - $5.33 / 100G,Kinder Milk Chocolate Easter Bunny 3 Pack 45g,5.0,/,1,Add to cart,Save to list
$5.50,$4.10 / 100G,Pringles Sour Cream & Onion Potato Chips 134g,Promoted,Add to cart,Save to list
$6.00,$3.00 / 100G,The Happy Snack Company Roasted Chickpeas Lightly Salted 200g,4.2,/,21, Promoted,Add to cart,Save to list
SAVE $1.50,$6.00,$7.50 - $2.27 / 100G,Kellogg's Nutri Grain Bars Original 12 Pack,Add to cart,Save to list
SAVE $1.00,$5.00,$6.00 - $1.11 / 100G,Woolworths Apple Oven Baked Fruit Bars 12 Pack,4.0,/,515,Add to cart,Save to list
SAVE $1.75,$1.75,$3.50 - $1.40 / 100G,Cheezels Chicken Flavoured Snacks Box 125g,Add to cart,Save to list
SAVE $1.50,$4.00,$5.50 - $4.26 / 100G,Uncle Tobys Roll-Ups Rainbow Berry 6 Pack,4.0,/,9,Add to cart,Save to list
EVERYDAY LOW PRICE,$2.60,$1.30 / 100G,Woolworths Raspberry Tartlets 200g,4.3,/,2255,Add to cart,Save to list
SAVE $4.25,$4.25,$8.50 - $4.25 / 100G,Lindt Excellence Dark Chocolate 70% Smooth Blend Cocoa Block 100g,5.0,/,1,Add to cart,Save to list
$5.00,$10.00 / 100G,Sunrice Protein Chips Sour Cream And Chives 50g,Add to cart,Save to list
$5.50,$3.90 / 100G,Arnotts Gluten Free Mint Slice Chocolate Biscuits 141g,Add to cart,Save to list
OUT OF STOCK,Cadbury Marshmallow Chocolate Easter Egg 35g,3.0,/,2,Add to cart,Save to list
SAVE $9.00,$9.00,$18.00 - $2.50 / 100G,Toblerone Milk Chocolate Bar 360g,5.0,/,2,Add to cart,Save to list
LOWER AUTUMN PRICE,$3.90,$2.44 / 100G,RANGE WAS $4.40 - 25/02/2025,Iddy Biddy Fruit Snacks Assorted Flavours 160g 8 Pack,Add to cart,Save to list
$5.50,$4.10 / 100G,Pringles Sour Cream & Onion Potato Chips 134g,Promoted,Add to cart,Save to list
$6.00,$3.00 / 100G,The Happy Snack Company Roasted Chickpeas Lightly Salted 200g,4.2,/,21, Promoted,Add to cart,Save to list
$5.50,$4.10 / 100G,Pringles Original Salted Potato Chips 134g,Promoted,Add to cart,Save to list
$3.30,$3.14 / 100G,Sunbites Sea Salt Snack Crackers With Quinoa Share Pack 105g,4.7,/,55, Promoted,Add to cart,Save to list
SAVE $0.60,$1.60,$2.20 - $0.86 / 100G,Woolworths Garlic Crackers 185g,4.4,/,1140,Add to cart,Save to list
$5.00,$1.67 / 100G,So Soft Marshmallow Jumbos 300g,Add to cart,Save to list
$5.00,$10.00 / 100G,SunRice Protein Chips Barbeque Flavour 50g,Add to cart,Save to list
$4.50,$4.09 / 100G,Kellogg's LCMs Split Stix Yoghurty Rice Bubbles Snack Bars 5 pack,Add to cart,Save to list
$5.00,$7.81 / 100G,2 FOR $9.00 - $7.03/100G,Extra Strawberry Sugar Free Chewing Gum Bottle 64g,Add to cart,Save to list
LOWER AUTUMN PRICE,$4.00,$72.73 / 1KG,WAS $4.80 - 25/02/2025,Local Legends Beef Jerky Original 55g,Add to cart,Save to list
$3.50,$1.84 / 100G,Woolworths Milk Chocolate Almonds 190g,4.3,/,1991,Add to cart,Save to list
OUT OF STOCK,Lindt Easter Gold Bunny Dark Chocolate 100g,5.0,/,1,Add to cart,Save to list
LOWER AUTUMN PRICE,$8.00,$20.00 / 1KG,WAS $9 - 25/02/2025,Woolworths Cashew 400g,Add to cart,Save to list
$5.00,$2.63 / 100G,Allen's Party Mix Lollies Bag 190g,4.4,/,86,Add to cart,Save to list
$8.50,$34.00 / 1KG,Macro Organic Natural Walnuts 250g,4.6,/,828,Add to cart,Save to list
EVERYDAY LOW PRICE,$8.00,$2.94 / 100G,Nice & Natural Fruit Fun Mix 272g,Add to cart,Save to list
$5.50,$4.10 / 100G,Pringles Original Salted Potato Chips 134g,Promoted,Add to cart,Save to list
$2.00,$100.00 / 1KG,Don Donskis Salami Stick Mild 20g,Add to cart,Save to list
$3.00,$1.50 / 100G,Woolworths Choccy Mints Biscuit 200g,4.5,/,1185,Add to cart,Save to list
SAVE $2.25,$2.25,$4.50 - $1.61 / 100G,Bhuja Nut Mix 140g,Add to cart,Save to list
SAVE $4.25,$4.25,$8.50 - $4.25 / 100G,Lindt Excellence Dark Chocolate Orange Intense 100g Block,Add to cart,Save to list
EVERYDAY LOW PRICE,$5.35,$14.27 / 1KG,Woolworths Unsalted Mixed Nuts 375g,4.1,/,679,Add to cart,Save to list
SAVE $1.00,$3.50,$4.50 - $1.17 / 100G,Belvita Breakfast Biscuits Honey & Nut With Chocolate Chips 6 Pack 300g,Add to cart,Save to list
SAVE $1.90,$4.00,$5.90 - $2.67 / 100G,Carman's Protein Oat Bars Choc Chip 5 pack,Add to cart,Save to list
SAVE $4.25,$4.25,$8.50 - $4.25 / 100G,Lindt Excellence Extra Creamy Milk Chocolate Block 100g,3.5,/,2,Add to cart,Save to list
EVERYDAY LOW PRICE,$6.30,$15.75 / 1KG,Woolworths Soya Crisps Snacks 400g Pack,Add to cart,Save to list
SAVE $0.50,$2.00,$2.50 - $5.00 / 100G,Nobby's Crispy Bacon Bite Snacks 40g,Add to cart,Save to list
$2.00,$2.00 / 100G,Poppin Microwave Popcorn Triple Butter Flavour Explosion 100g,Add to cart,Save to list
EVERYDAY LOW PRICE,$5.50,$1.57 / 100G,The Natural Confectionery Co. Fruity Chews Lollies 350g,Add to cart,Save to list
$3.00,$1.50 / 100G,Woolworths Chocolate Fingers Biscuit 200g,4.4,/,715,Add to cart,Save to list
SAVE $0.50,$2.00,$2.50 - $4.00 / 100G,Nobby's Pork Crackle Spicy Barbecue Snacks 50g,4.0,/,1,Add to cart,Save to list
$3.80,$2.00 / 100G,Woolworths Belgian Milk Chocolate Block 190g,3.9,/,777,Add to cart,Save to list
$6.00,$4.00 / 100G,The Happy Snack Company Roasted Fava Beans Red Pepper & Chilli 6 Pack,4.8,/,18, Promoted,Add to cart,Save to list
SAVE $1.50,$4.50,$6.00 - $2.57 / 100G,Fixate Natural Fruit Lemon Coconut 5 Pack 175g,Promoted,Add to cart,Save to list
SAVE $1.65,$3.85,$5.50 - $2.14 / 100G,Nice & Natural Chocolate Nut Bars Honeycomb 180g,Add to cart,Save to list
$8.00,$6.25 / 100G,Mayver's Low Carb Choc Fudge 4 Pack 128g,Add to cart,Save to list
SAVE $1.50,$4.50,$6.00 - $3.00 / 100G,Reese's Peanut Butter Cups Miniatures Milk Chocolate 150g,Add to cart,Save to list
$7.00,$5.83 / 100G,2 FOR $10.00 - $4.17/100G,Cadbury Twirl Halloween Chocolate Breakaway Mini Bars 12 Pack 120g,Add to cart,Save to list
$2.50,$5.00 / 100G,Gold Medal Snacks Single Pack Pork Krackles 50g,Add to cart,Save to list
SAVE $2.00,$2.00,$4.00 - $1.43 / 100G,Haribo Sour s'Ghetti 140g,Add to cart,Save to list
$5.00,$2.63 / 100G,Allen's Ripe Raspberries Lollies Bag 190g,Add to cart,Save to list
SAVE $2.80,$4.20,$7.00 - $2.33 / 100G,Cadbury Coconut Rough Chocolate Block 180g,Add to cart,Save to list
EVERYDAY LOW PRICE,$4.00,$2.67 / 100G,Toobs Puff Snacks Share Pack Tangy 150g,Add to cart,Save to list
$5.50,$2.62 / 100G,Chupa Chups Faces Flat Lollipops 35 Pack,Add to cart,Save to list
$2.50,$2.50 / 100G,McVitie's Digestives Choc Tops Milk Chocolate 100g,Add to cart,Save to list
$6.50,$6.50 / 100G,Vege Chips Deli Crisps Purple Sweet Potato 100g,4.7,/,46,Add to cart,Save to list
SAVE $2.80,$4.20,$7.00 - $2.43 / 100G,Cadbury Dairy Milk Marble Chocolate Block 173g,Add to cart,Save to list
SAVE $0.55,$4.95,$5.50 - $1.32 / 100G,Old El Paso Thick 'n Chunky Salsa Mild Thick & Chunky 375g,Add to cart,Save to list
$5.50,$5.00 / 100G,Arnotts Gluten Free Shapes Barbecue 110g,Add to cart,Save to list
SAVE $2.70,$4.00,$6.70 - $3.39 / 100G,Cadbury Dairy Milk Pineapple Chocolate Easter Eggs 118g,Add to cart,Save to list
$2.50,$2.50 / 100G,Fantastic Rice Crackers Sour Cream & Chives Flavour 100g,Add to cart,Save to list
EST. RESTOCK 10/04/25,Macro Organic Corn Chips Cheese 200g,4.0,/,555,Add to cart,Save to list
$7.00,$4.38 / 100G,Pods Mars Chocolate Snack & Share Party Bag 160g,Promoted,Add to cart,Save to list
$5.00,$2.27 / 100G,The Natural Confectionery Co. Party Mix Lollies 220g,Promoted,Add to cart,Save to list
$6.00,$3.00 / 100G,Skittles Fruits Chewy Lollies Party Share Bag 200g,4.0,/,1, Promoted,Add to cart,Save to list
$8.50,$3.40 / 100G,Whittaker's Creamy Milk Hazella Chocolate Block 250g,4.5,/,8, Promoted,Add to cart,Save to list
SAVE $2.25,$2.25,$4.50 - $1.50 / 100G,Bhuja Original Mix 150g,Add to cart,Save to list
SAVE $1.50,$4.00,$5.50 - $4.26 / 100G,Uncle Tobys Roll-Ups Strawberry Fun Prints 6 Pack,3.4,/,7,Add to cart,Save to list
$5.50,$2.75 / 100G,Arnotts Monte Chocolate Biscuits 200g,Add to cart,Save to list
SAVE $2.25,$2.25,$4.50 - $1.61 / 100G,Bhuja Ancient Grains Mix 140g,Add to cart,Save to list
$4.30,$2.26 / 100G,Sam's Pantry Rocky Road Protein Bar 5 Pack,4.2,/,612,Add to cart,Save to list
SAVE $1.80,$6.00,$7.80 - $2.61 / 100G,Calbee Harvest Snaps Original Salted 230g,Add to cart,Save to list
$5.00,$2.63 / 100G,Allen's Frogs Alive Lollies Bag 190g,4.7,/,45,Add to cart,Save to list
$3.70,$1.48 / 100G,Snappy Rice Crackers Mixed 250g,Add to cart,Save to list
$8.90,$5.93 / 100G,Noshu Low Carb Double Choc Brownie Indulgence Bars 5 Pack,Add to cart,Save to list
$5.00,$4.63 / 100G,Sunrice Mini Bites Sea Salt Multipack Kids Lunchbox Snacks 6 pack,Add to cart,Save to list
$6.50,$6.50 / 100G,Vege Chips Yellow Sweet Potato Deli Crisps 100g,4.2,/,35,Add to cart,Save to list
$5.00,$2.27 / 100G,The Natural Confectionery Co. Dinosaurs Lollies 220g,Add to cart,Save to list
$5.50,$3.82 / 100G,Arnotts Gluten Free Shortbread Cream Biscuits 144g,Add to cart,Save to list
EVERYDAY LOW PRICE,$4.00,$2.11 / 100G,Cheetos Balls Cheese Snacks Party Bag Cheese & Bacon 190g,4.0,/,1,Add to cart,Save to list
$5.00,$2.63 / 100G,Sour Patch Kids Watermelon Lollies 190g,Add to cart,Save to list
$6.50,$1.55 / 100G,Tasti Choc Peanut Nut Bar 12 Pack,Add to cart,Save to list
$7.00,$3.98 / 100G,2 FOR $12.00 - $3.41/100G,Cadbury Old Gold Slices Mint Crème Dark Chocolate Block 176g,Add to cart,Save to list
EVERYDAY LOW PRICE,$3.30,$1.38 / 100G,Mother Earth Oaty Slice Salted Caramel 240g,Add to cart,Save to list
$7.00,$3.89 / 100G,M&M's Peanut Milk Chocolate Snack & Share Bag 180g,Promoted,Add to cart,Save to list
$5.00,$3.85 / 100G,Red Rock Deli Gourmet Crackers Aged Cheddar & Caramelised Onion 130g,4.5,/,69, Promoted,Add to cart,Save to list
SAVE $2.20,$4.70,$6.90 - $3.92 / 100G,Fibre One 90 Calorie Lemon Drizzle Squares 5 Pack 120g,Promoted,Add to cart,Save to list
SAVE $2.20,$4.70,$6.90 - $1.87 / 100G,Nature Valley Crunchy Oats & Honey Granola Bars 42g x 6 pack,Promoted,Add to cart,Save to list
SAVE $2.20,$4.70,$6.90 - $3.92 / 100G,Fibre One 90 Calorie Salted Caramel Squares 24g x 5 pack,Promoted,Add to cart,Save to list
SAVE $2.00,$6.00,$8.00 - $3.75 / 100G,Cadbury Micro Mini Egg Chocolate Easter Bunny 160g,Add to cart,Save to list
SAVE $1.90,$4.00,$5.90 - $2.22 / 100G,Carman's Aussie Oat Bars Choc Brownie with Chocolate 6 pack,Add to cart,Save to list
$8.00,$2.35 / 100G,Cadbury Dairy Milk Top Deck Chocolate Block 340g,Add to cart,Save to list
$16.00,$21.33 / 1KG,Woolworths Cashews Roasted & Unsalted 750g,Add to cart,Save to list
SAVE $4.25,$4.25,$8.50 - $4.25 / 100G,Lindt Excellence 78% Cocoa Dark Chocolate Block 100g,5.0,/,1,Add to cart,Save to list
SAVE $2.40,$3.60,$6.00 - $2.12 / 100G,Pringles Big Stack for Sharing Sour Cream & Onion Potato Chips 170g,Add to cart,Save to list
EVERYDAY LOW PRICE,$5.35,$14.27 / 1KG,Woolworths Salted Mixed Nuts 375g,4.2,/,1008,Add to cart,Save to list
$7.90,$3.95 / 100G,Carman's Protein Bars Iced Coffee Limited Edition 5 pack,Add to cart,Save to list
$4.50,$5.00 / 100G,2 FOR $7.00 - $3.89/100G,Jumpy's Salt & Vinegar Flavoured Crunchy Potato Snacks 5 Packs 90g,Add to cart,Save to list
$9.00,$4.29 / 100G,Nestle Milo Snack Bars Original 10 Pack,5.0,/,1,Add to cart,Save to list
$4.50,$3.95 / 100G,2 FOR $7.00 - $3.07/100G,The Natural Chip Co Honey Soy Chicken Chips Honey Soy Chicken 6 Pack,Add to cart,Save to list
$6.50,$6.50 / 100G,Vege Chips Deli Crisps Lentil Lightly Salted 100g,4.2,/,39,Add to cart,Save to list
EVERYDAY LOW PRICE,$2.20,$1.38 / 100G,Woolworths Original Flavour Stacked Chips 160g,4.3,/,95,Add to cart,Save to list
EVERYDAY LOW PRICE,$5.50,$6.79 / 100G,Extra Peppermint Sugar Free Chewing Gum Multipack 81g,Add to cart,Save to list
$4.30,$4.78 / 100G,Infuzions Prawn Cracker Barbecue Rib 90g,Add to cart,Save to list
EVERYDAY LOW PRICE,$4.20,$1.68 / 100G,Arnotts Spicy Fruit Roll Biscuits 250g,Add to cart,Save to list
$3.80,$3.30 / 100G,Ceres Organics Brown Rice Crackers Salt & Vinegar 115g,4.0,/,2,Add to cart,Save to list
SAVE $0.90,$3.60,$4.50 - $1.80 / 100G,Old El Paso Taco Sauce Medium Taco Sauce 200g,Add to cart,Save to list
$2.10,$2.63 / 100G,5 FOR $5.00 - $1.25/100G,Sakata Rice Cracker Biscuits Seaweed 80g,4.7,/,51, Promoted,Add to cart,Save to list
$3.80,$4.18 / 100G,Sakata Stars Snack Sized Original Rice Crackers Multipack 13g x 7 Pack,Promoted,Add to cart,Save to list
SAVE $2.00,$6.00,$8.00 - $3.53 / 100G,Cadbury Dairy Milk Chocolate Sitting Easter Bunny 170g,Add to cart,Save to list
SAVE $0.85,$1.95,$2.80 - $1.95 / 100G,Fantastic Delites Snacks Sweet Chilli & Sour Cream 100g,Add to cart,Save to list
LOWER AUTUMN PRICE,$3.90,$2.44 / 100G,RANGE WAS $4.40 - 25/02/2025,Iddy Biddy Fruit Snacks Tropical 20g x8 Pack,Add to cart,Save to list
$3.50,$0.88 / 1EA,Woolworths Iced Rainbow Sprinkle Finger Buns 4 pack,4.3,/,768,Afternoon delivery & pick up,Add to cart,Save to list
EVERYDAY LOW PRICE,$2.75,$1.22 / 100G,Woolworths Crown Mints 225g,3.9,/,116,Add to cart,Save to list
SAVE $1.65,$3.85,$5.50 - $2.14 / 100G,Nice & Natural Chocolate Nut Bars Salted Caramel 6 Pack,Add to cart,Save to list
$7.00,$2.03 / 100G,Oreo Milk Chocolate Wafer Sticks Biscuits Large Multipack 345g,Add to cart,Save to list
SAVE $2.75,$2.75,$5.50 - $0.98 / 100G,Darrell Lea Liquorice Twists 280g,Add to cart,Save to list
$2.50,$1.00 / 100G,Arnotts Ginger Nut Plain Biscuits Biscuits 250g,Add to cart,Save to list
SAVE $0.50,$2.00,$2.50 - $10.00 / 100G,Kinder Surprise Chocolate Egg Pink 20g,Add to cart,Save to list
EVERYDAY LOW PRICE,$4.00,$2.29 / 100G,Tasti Nut Butter Bars Peanut Butter 175g,Add to cart,Save to list
$0.95,$0.76 / 100G,Woolworths Cracked Pepper Water Crackers 125g,4.5,/,643,Add to cart,Save to list
$5.00,$3.21 / 100G,2 FOR $5.00 - $1.60/100G,Cadbury Classic Choc Chip Cookies 156g,Add to cart,Save to list
$4.50,$4.50 / 100G,Kellogg's LCMs Kaleidos Rice Bubbles Snack Bars 5 pack,Add to cart,Save to list
OUT OF STOCK,Lindt Lindor Easter Assorted Chocolate Mini Eggs Bag 90g,Add to cart,Save to list
SAVE $0.50,$6.00,$6.50 - $1.79 / 100G,Allen's Chew Mix Lollies Family Size Bag 335g,3.0,/,2,Add to cart,Save to list
SAVE $2.20,$4.00,$6.20 - $2.29 / 100G,Carman's Oat Slices Cranberry & Blueberry 5 pack,Add to cart,Save to list
$3.40,$1.13 / 100G,Bakers Finest Choc Chip Cookies 300g,Add to cart,Save to list
$5.00,$3.70 / 100G,2 FOR $7.50 - $2.78/100G,Red Rock Deli Deli Style Crackers Sea Salt & Balsamic Vinegar 135g,4.6,/,27, Promoted,Add to cart,Save to list
SAVE $1.90,$4.00,$5.90 - $2.22 / 100G,Carman's Aussie Oat Bars Apple Pie 6 pack,Add to cart,Save to list
SAVE $1.25,$1.25,$2.50 - $2.78 / 100G,Milky Way Chocolate Bar Whipped Nougat 45g,Add to cart,Save to list
$7.60,$30.40 / 1KG,Woolworths Salted Pistachios 250g,4.6,/,395,Add to cart,Save to list
$1.30,$1.30 / 100G,Woolworths Thin & Crispy Rice Crackers Original 100g,4.3,/,383,Add to cart,Save to list
$5.00,$2.27 / 100G,The Natural Confectionery Co. Dinosaurs Lollies 220g,Promoted,Add to cart,Save to list
$8.50,$3.40 / 100G,Whittaker's Block Creamy Milk 33% Cocoa 250g,5.0,/,1, Promoted,Add to cart,Save to list
EVERYDAY LOW PRICE,$7.00,$1.84 / 100G,Skittles Fruits Chewy Lollies Party Share Bag 380g,Promoted,Add to cart,Save to list
$4.00,$4.00 / 100G,Pop Box Mega Butter Microwave Popcorn 100g,Promoted,Add to cart,Save to list
SAVE $2.80,$4.20,$7.00 - $2.63 / 100G,Cadbury Dairy Milk Bubbly Mint Chocolate Block 160g,5.0,/,1,Add to cart,Save to list
EVERYDAY LOW PRICE,$8.00,$1.71 / 100G,Uncle Tobys Yoghurt Muesli Bars Strawberry 469g,4.4,/,67,Add to cart,Save to list
EVERYDAY LOW PRICE,$2.75,$0.92 / 100G,Woolworths Liquorice Twists Strawberry Flavoured 300g,3.8,/,2176,Add to cart,Save to list
$6.00,$4.00 / 100G,Violet Crumble Bites 150g,Add to cart,Save to list
SAVE $2.00,$2.00,$4.00 - $1.33 / 100G,Haribo Tangfastics 150g,Add to cart,Save to list
$7.00,$4.12 / 100G,Milkybar White Choc Block 170g,Add to cart,Save to list
$4.00,$2.58 / 100G,Ritz Mini Crackers Cheese Flavour 155g,Add to cart,Save to list
SAVE $0.30,$2.70,$3.00 - $1.93 / 100G,Trolli Sour Gecko 140g,Add to cart,Save to list
EVERYDAY LOW PRICE,$11.50,$3.29 / 100G,"Carman's Nut Bars Almond, Hazelnut & Vanilla 10 pack",Add to cart,Save to list
$2.50,$2.94 / 100G,2 FOR $4.00 - $2.35/100G,Cobs Microwave Pop Corn Sea Salt 85g,Add to cart,Save to list
EVERYDAY LOW PRICE,$8.00,$2.35 / 100G,Allen's Chocolate Freckles Lollies Family Size Bag 340g,Add to cart,Save to list
$3.50,$3.50 / 100G,Cobs Natural Popcorn Cheddar Cheese 100g,5.0,/,1,Add to cart,Save to list
$5.00,$3.70 / 100G,2 FOR $7.50 - $2.78/100G,Red Rock Deli Deli Style Crackers Cheddar & Parmesan 135g,4.6,/,23,Add to cart,Save to list
SAVE $1.00,$3.50,$4.50 - $1.17 / 100G,Belvita Breakfast Biscuits Milk & Cereals 6 Pack 300g,Add to cart,Save to list
$5.00,$2.50 / 100G,2 FOR $8.00 - $2.00/100G,Life Savers Grape Sherbert Fizz Stix 200g,Add to cart,Save to list
$3.80,$2.24 / 100G,Sam's Pantry Honey Salted Macadamia Nut Bar 5 Pack,4.2,/,623,Add to cart,Save to list
$6.50,$1.55 / 100G,Tasti Nut Bar Dark Choc & Cranberry 420g,Add to cart,Save to list
$2.60,$5.42 / 1KG,Woolworths Two Fruits In Tropical Jelly 4 Pack,3.9,/,531,Add to cart,Save to list
SAVE $1.25,$1.25,$2.50 - $2.98 / 100G,KitKat Chocolate Bar 42g,Promoted,Add to cart,Save to list
$2.50,$5.00 / 100G,Whittaker's Peanut Slab Milk Chocolate 50g,Promoted,Add to cart,Save to list
$2.50,$8.33 / 100G,Boodles Boosted Chocolate Speckle 30g,Promoted,Add to cart,Save to list
SAVE $1.25,$1.25,$2.50 - $2.60 / 100G,KitKat Chunky Bar 48g,Promoted,Add to cart,Save to list
$8.00,$2.86 / 100G,Maltesers Milk Chocolate Snack Party Bag 280g,Promoted,Add to cart,Save to list
EVERYDAY LOW PRICE,$5.50,$1.25 / 100G,The Natural Confectionery Co. Snakes Lollies 440g,Promoted,Add to cart,Save to list
$2.10,$2.63 / 100G,5 FOR $5.00 - $1.25/100G,Sakata Wholegrain Rice Crackers Original 80g,Promoted,Add to cart,Save to list
EVERYDAY LOW PRICE,$2.10,$2.63 / 100G,Woolworths Popcorn Lightly Salted 80g,4.6,/,1523,Add to cart,Save to list
$4.50,$4.05 / 100G,2 FOR $7.00 - $3.15/100G,French Fries Multipack Original 6 Pack,Add to cart,Save to list
$4.50,$9.00 / 100G,Funday Natural SweetsNo Sugar Added Vegan Lollies Sour Gummy Bears 50g,Add to cart,Save to list
$6.00,$5.00 / 100G,Goodness Me Really Fruit Nuggets & Stick Mix 8 Pack,Add to cart,Save to list
$5.00,$2.78 / 100G,The Natural Confectionery Co. Berry Bliss Lollies 180g,5.0,/,1,Add to cart,Save to list
$2.60,$1.73 / 100G,Movietime Popcorn Bag Multi Coloured 150g,5.0,/,1,Add to cart,Save to list
EVERYDAY LOW PRICE,$2.75,$0.92 / 100G,Woolworths Liquorice Twists Black 300g,4.4,/,1256,Add to cart,Save to list
$7.50,$4.29 / 100G,Carman's Protein Bake Salted Caramel 5 pack,Add to cart,Save to list
SAVE $1.00,$5.00,$6.00 - $2.45 / 100G,Darrell Lea Milk Chocolate Liquorice Bullets 204g,Add to cart,Save to list
SAVE $0.50,$4.50,$5.00 - $6.82 / 100G,KitKat Mini Milk Chocolate Easter Bunnies 66g,Add to cart,Save to list
SAVE $0.50,$2.00,$2.50 - $10.00 / 100G,Kinder Surprise Milk Chocolate Egg With Natoons Toy 20g,1.0,/,1,Add to cart,Save to list
$7.50,$4.29 / 100G,"Carman's Nut Bars Almond, Cashew & Cranberry 5 pack",Add to cart,Save to list
EVERYDAY LOW PRICE,$11.25,$15.00 / 1KG,Woolworths Apricot Sun Dried 750g Pack,Add to cart,Save to list
SAVE $2.25,$2.25,$4.50 - $1.41 / 100G,Bhuja Beer Mix 160g,1.0,/,1,Add to cart,Save to list
$8.00,$6.25 / 100G,Mayver's Low Carb Peanut Caramel 4 Pack 128g,Add to cart,Save to list
$13.50,$3.55 / 100ML,Haagen-Dazs Little Cups Signature Collection Ice Cream Cups 95mL x 4 pack,Promoted,Add to cart,Save to list
$7.00,$11.67 / 1KG,Birds Eye Deli Seasoned Sides Garlic Butter Style & Parsley 600g,Promoted,Add to cart,Save to list
EVERYDAY LOW PRICE,$4.30,$4.78 / 1KG,McCain Superfries Shoestring 900g,4.6,/,171, Promoted,Add to cart,Save to list
SAVE $1.80,$4.20,$6.00 - $5.60 / 1KG,McCain Pub Style Extra Crispy Chips 750g,4.8,/,5, Promoted,Add to cart,Save to list
EVERYDAY LOW PRICE,$4.00,$0.40 / 100G,Woolworths Puff Pastry Sheets 1kg,4.6,/,1208,Add to cart,Save to list
EVERYDAY LOW PRICE,$6.20,$12.40 / 1KG,Woolworths Frozen Blueberries 500g,4.7,/,2080,Add to cart,Save to list
EVERYDAY LOW PRICE,$1.00,$4.00 / 1KG,Bell Farms Chopped Spinach 250g,4.6,/,215,Add to cart,Save to list
EVERYDAY LOW PRICE,$6.90,$13.80 / 1KG,Woolworths Frozen Raspberries 500g,4.7,/,1535,Add to cart,Save to list
EVERYDAY LOW PRICE,$2.50,$5.00 / 1KG,Woolworths Peas 500g,4.8,/,872,Add to cart,Save to list
$5.80,$7.73 / 1KG,McCain Hash Browns Shredded 750g,4.6,/,127,Add to cart,Save to list
$7.00,$11.67 / 1KG,Birds Eye Deli Seasoned Sides Davidson Plum & Ginger 600g,Promoted,Add to cart,Save to list
$13.50,$3.55 / 100ML,Haagen-Dazs Ice Cream Classic Collection 95mL x 4 pack,Promoted,Add to cart,Save to list
SAVE $1.80,$4.20,$6.00 - $5.60 / 1KG,McCain Pub Style Potato Wedges 750g,4.7,/,46, Promoted,Add to cart,Save to list
$9.00,$1.50 / 100G,Marathon Puffy Dogs 600g,4.5,/,38, Promoted,Add to cart,Save to list
$3.00,$6.00 / 1KG,Woolworths Prep Set Go Diced Frozen Onions 500g,4.5,/,1409,Add to cart,Save to list
EVERYDAY LOW PRICE,$4.00,$8.00 / 1KG,Woolworths Broccoli Florets 500g,4.4,/,1197,Add to cart,Save to list
EVERYDAY LOW PRICE,$2.80,$2.80 / 1KG,Essentials Frozen Mixed Vegetables 1kg,4.0,/,833,Add to cart,Save to list
EVERYDAY LOW PRICE,$9.90,$9.90 / 1KG,Woolworths Frozen Mango 1kg,4.6,/,691,Add to cart,Save to list
$6.50,$13.00 / 1KG,Woolworths Frozen Strawberries 500g,4.5,/,939,Add to cart,Save to list
EVERYDAY LOW PRICE,$5.00,$5.00 / 1KG,Woolworths Carrots Peas & Corn 1kg,4.6,/,1033,Add to cart,Save to list
$4.00,$8.00 / 1KG,McCain Mixed Vegetables Peas Corn & Carrot 500g,4.6,/,132,Add to cart,Save to list
EVERYDAY LOW PRICE,$2.80,$5.60 / 1KG,Woolworths Frozen Sliced Beans 500g,4.5,/,871,Add to cart,Save to list
OUT OF STOCK,Woolworths Frozen Mixed Berries 1kg,4.8,/,1598,View similar,products,             to Woolworths Frozen Mixed Berries 1kg,Save to list
EVERYDAY LOW PRICE,$5.50,$0.28 / 100ML,Peters Original Vanilla Ice Cream 2L,4.6,/,80,Add to cart,Save to list
$12.00,$12.00 / 1KG,LVM Superfoods Mixed Berries 1kg,4.0,/,1,Add to cart,Save to list
EVERYDAY LOW PRICE,$4.00,$8.00 / 1KG,Woolworths Broccoli & Cauliflower 500g,4.5,/,1022,Add to cart,Save to list
SAVE $1.20,$4.60,$5.80 - $5.11 / 1KG,Birds Eye Golden Crunch Crinkle Cut Chips 900g,Add to cart,Save to list
EVERYDAY LOW PRICE,$5.20,$5.20 / 1KG,Woolworths Winter Veg Mix 1kg,4.3,/,1645,Add to cart,Save to list
EVERYDAY LOW PRICE,$6.50,$7.22 / 1KG,Birds Eye Potato Gems Bite Size Hash Brown 900g,Add to cart,Save to list
$7.00,$11.67 / 1KG,Birds Eye Deli Seasoned Sides Garlic Butter Style Green Beans 600g,Promoted,Add to cart,Save to list
$7.00,$14.00 / 1KG,Birds Eye Deli Seasoned Sides Garlic Herb Broccoli 500g,Promoted,Add to cart,Save to list
$7.50,$15.00 / 1KG,Lamb Weston Mini Potato Cakes Scallops Original 500g,Promoted,Add to cart,Save to list
EVERYDAY LOW PRICE,$4.30,$4.78 / 1KG,McCain Superfries Crinkle Cut 900g,4.3,/,149, Promoted,Add to cart,Save to list
$6.50,$8.13 / 1KG,Birds Eye Mashed Potato 800g,4.5,/,2,Add to cart,Save to list
SAVE $1.80,$4.20,$6.00 - $5.60 / 1KG,McCain Pub Style Extra Crispy Chips 750g,4.8,/,5,Add to cart,Save to list
$7.00,$9.33 / 1KG,Birds Eye Golden Crunch Sidewinders Twisty Potato Chips 750g,Promoted,Add to cart,Save to list
$12.50,$50.00 / 1KG,Birds Eye Air Baked Barramundi Crumbed Fish 250g,Promoted,Add to cart,Save to list
$7.00,$11.67 / 1KG,Birds Eye Deli Roast Vegetables Potato Pumpkin Red Onion & Carrot 600g,4.0,/,66, Promoted,Add to cart,Save to list
$13.00,$23.64 / 1KG,Tegel Take Outs Extra Crunchy Chicken Burgers 550g,4.8,/,13, Promoted,Add to cart,Save to list
EVERYDAY LOW PRICE,$3.90,$7.80 / 1KG,McCain Peas Baby 500g,4.7,/,161,Add to cart,Save to list
EVERYDAY LOW PRICE,$10.00,$10.00 / 1KG,Woolworths Crumbed Chicken Breast Tenders 1kg,4.2,/,407,Add to cart,Save to list
$5.50,$13.75 / 1KG,Ingham's Frozen Chicken Breast Tenders Original 400g,4.4,/,254,Add to cart,Save to list
EVERYDAY LOW PRICE,$3.40,$6.80 / 1KG,Woolworths Peas & Corn 500g,4.7,/,659,Add to cart,Save to list
OUT OF STOCK,Essentials Frozen Straight Cut Potato Chips 1kg,3.9,/,1313,View similar,products,             to Essentials Frozen Straight Cut Potato Chips 1kg,Save to list
SAVE $1.20,$4.60,$5.80 - $5.11 / 1KG,Birds Eye Golden Crunch Thin & Crispy Chips 900g,Add to cart,Save to list
EVERYDAY LOW PRICE,$4.30,$4.78 / 1KG,McCain Superfries Crinkle Cut 900g,4.3,/,149,Add to cart,Save to list
EVERYDAY LOW PRICE,$6.60,$0.66 / 100G,Woolworths Vegetable Cocktail Spring Rolls 60 Pack 1kg,4.4,/,745,Add to cart,Save to list
SAVE $4.75,$4.75,$9.50 - $0.97 / 100ML,Peters Drumstick Minis Ice Cream Vanilla 6 Pack,4.8,/,56,Add to cart,Save to list
$12.00,$1.20 / 100ML,Connoisseur Ice Cream Classic Vanilla Tub 1l,4.9,/,131,Add to cart,Save to list
$13.50,$13.50 / 1KG,Steggles Chicken Fingers Crumbed 1kg,4.8,/,115,Add to cart,Save to list
EVERYDAY LOW PRICE,$5.00,$11.11 / 1KG,Macro Organic Spinach Leaf Portions 450g,4.6,/,305,Add to cart,Save to list
$9.50,$3.85 / 100ML,Mars Frozen Dessert Bars 5 pack,Add to cart,Save to list
$13.50,$13.50 / 1KG,Steggles Chicken Breast Tenders Crumbed 1kg,4.6,/,85,Add to cart,Save to list
$8.50,$1.70 / 100G,SAVE $4 WHEN YOU SPEND $15 ON SELECT DRINKS & FROZEN PIZZA*,McCain Pizza Cheese & Bacon 500g,4.2,/,64,Add to cart,Save to list
$9.00,$1.31 / 100ML,"Streets Cyclone Ice Blocks Peach, Pineapple and Blueberry 86mL x 8 pack",4.8,/,50,Add to cart,Save to list
$4.00,$1.07 / 100G,3 FOR $10.95 - $0.97/100G,Woolworths Spaghetti Bolognese Frozen Meal 375g,4.0,/,475,Add to cart,Save to list
EVERYDAY LOW PRICE,$5.50,$7.33 / 1KG,"Birds Eye Steam Fresh Broccoli, Carrots & Corn 750g",4.7,/,118,Add to cart,Save to list
$14.00,$28.00 / 1KG,Tegel Take Outs Louisiana Style Chicken Tenders 500g,4.7,/,3, Promoted,Add to cart,Save to list
$7.00,$9.33 / 1KG,Birds Eye Golden Crunch Lattice Potato Chips Criss Cross French Fries 750g,1.0,/,1, Promoted,Add to cart,Save to list
SAVE $2.00,$5.00,$7.00 - $10.00 / 1KG,Strong Roots Oven Baked Sweet Potato Fries 500g,5.0,/,1, Promoted,Add to cart,Save to list
$9.00,$0.90 / 100ML,Juicies Tropical Frozen 10 Pack,5.0,/,1, Promoted,Add to cart,Save to list
SAVE $2.00,$5.00,$7.00 - $6.67 / 1KG,Strong Roots Crispy Skinny Fries 750g,Promoted,Add to cart,Save to list
$12.00,$3.33 / 100ML,Cadbury Dairy Milk Vanilla Sticks 4 Pack,5.0,/,1,Add to cart,Save to list
EVERYDAY LOW PRICE,$2.75,$5.50 / 1KG,Woolworths Prep Set Go Frozen Stir Fry Mixed Vegetables 500g,4.2,/,890,Add to cart,Save to list
$6.50,$6.50 / 1KG,"Birds Eye Snap Frozen Carrot, Cauliflower & Broccoli 1kg",4.5,/,89,Add to cart,Save to list
$8.50,$0.53 / 100G,Pampas Puff Pastry 10 Sheets 1.6kg,4.8,/,96,Add to cart,Save to list
$13.50,$13.50 / 1KG,Steggles Chicken Dino Snacks Tempura 1kg,4.7,/,142,Add to cart,Save to list
$6.50,$13.00 / 1KG,Woolworths Frozen Pitted Cherries 500g,4.5,/,920,Add to cart,Save to list
$4.75,$1.00 / 100ML,Woolworths Ice Cream Cones Boysenberry 4 Pack,4.4,/,1106,Add to cart,Save to list
EVERYDAY LOW PRICE,$5.50,$0.79 / 100G,Woolworths Frozen Meat Pies 4 Pack,4.1,/,264,Add to cart,Save to list
$8.00,$8.00 / 1KG,Woolworths Frozen Basa Fillets 1kg,4.3,/,816,Add to cart,Save to list
$14.00,$28.00 / 1KG,Tegel Take Outs Nashville Style Chicken Tenders 500g,5.0,/,1, Promoted,Add to cart,Save to list
$8.50,$1.70 / 100G,SAVE $4 WHEN YOU SPEND $15 ON SELECT DRINKS & FROZEN PIZZA*,McCain Pizza Margherita 500g,4.4,/,62,Add to cart,Save to list
EVERYDAY LOW PRICE,$10.50,$1.11 / 100ML,Farm Pride Frozen Egg Whites 950ml,4.1,/,14,Add to cart,Save to list
EVERYDAY LOW PRICE,$3.90,$1.95 / 100G,Annabel Karmel Little Meals Mac & Cheese Pasta 200G,4.6,/,15,Add to cart,Save to list
$4.00,$8.00 / 1KG,McCain Beans Baby 500g,4.6,/,137,Add to cart,Save to list
$5.50,$13.75 / 1KG,Ingham's Crumbed Chicken Breast Nuggets 400g,4.5,/,36,Add to cart,Save to list
$5.60,$1.40 / 100G,McCain Tuna Mornay Frozen Meal 400g,4.5,/,71,Add to cart,Save to list
$9.00,$1.70 / 100ML,Peters Lifesavers Icy Poles Lifesavers 8 Pack,4.8,/,35,Add to cart,Save to list
EVERYDAY LOW PRICE,$4.40,$11.00 / 1KG,Woolworths Chicken Breast Tempura Nuggets 400g,4.1,/,1286,Add to cart,Save to list
SAVE $0.30,$5.20,$5.50 - $5.20 / 1KG,Your Spud Co Hash Browns 1kg,Add to cart,Save to list
EVERYDAY LOW PRICE,$5.50,$0.28 / 100ML,Peters Original Neapolitan Ice Cream 2l,4.6,/,38,Add to cart,Save to list
$5.00,$1.00 / 100G,Woolworths Frozen Pizza Bbq Meat Lovers 500g,3.2,/,1439,Add to cart,Save to list
EVERYDAY LOW PRICE,$5.00,$6.67 / 1KG,Bell Farms Sweet Potato Chips 750g,4.4,/,42,Add to cart,Save to list
SAVE $0.30,$5.20,$5.50 - $5.20 / 1KG,Your Spud Co Potato Tots 1kg,Add to cart,Save to list
SAVE $1.80,$4.20,$6.00 - $5.60 / 1KG,McCain Pub Style Potato Wedges 750g,4.7,/,46,Add to cart,Save to list
$6.00,$10.00 / 1KG,Birds Eye Deli Seasoned Chips Sea Salt & Rosemary 600g,4.8,/,144,Add to cart,Save to list
EVERYDAY LOW PRICE,$5.70,$6.91 / 1KG,Birds Eye Australian Grown Baby Peas 825g,Promoted,Add to cart,Save to list
$13.50,$2.95 / 100ML,Haagen-Dazs Ice Cream Vanilla 457mL,4.7,/,17, Promoted,Add to cart,Save to list
SAVE $0.90,$2.60,$3.50 - $1.49 / 100G,Mrs Mac's Microwave Giant Sausage Roll Frozen 175g,4.0,/,1, Promoted,Add to cart,Save to list
EVERYDAY LOW PRICE,$4.50,$5.00 / 1KG,Woolworths Shoestring Fries 900g,4.2,/,391,Add to cart,Save to list
SAVE $1.60,$10.00,$11.60 - $33.33 / 1KG,Just Caught Raw Prawn Meat 300g,5.0,/,1,Add to cart,Save to list
EVERYDAY LOW PRICE,$3.90,$1.95 / 100G,Annabel Karmel Little Meals Spaghetti & Meatballs 200G,4.9,/,15,Add to cart,Save to list
EVERYDAY LOW PRICE,$9.00,$0.47 / 100G,Borg's Traditional Puff Pastry 1.9kg,4.8,/,97,Add to cart,Save to list
SAVE $2.00,$6.50,$8.50 - $1.63 / 100G,McCain Pizza Pocket Snacks Cheese & Bacon 4 Pack,3.8,/,96,Add to cart,Save to list
SAVE $1.50,$4.50,$6.00 - $9.00 / 1KG,Creative Gourmet Frozen Pineapple Pieces 500g,4.7,/,36,Add to cart,Save to list
$13.50,$2.95 / 100ML,Haagen-Dazs Ice Cream Strawberries & Cream 457mL,4.5,/,44, Promoted,Add to cart,Save to list
SAVE $0.90,$2.60,$3.50 - $1.58 / 100G,Mrs Mac's Microwave Traditional Beef Pastie 165g,Promoted,Add to cart,Save to list
$9.00,$30.00 / 1KG,Sealord Hoki Wholemeal 150g x 2 pack,5.0,/,1, Promoted,Add to cart,Save to list
SAVE $0.90,$2.60,$3.50 - $1.49 / 100G,Mrs Mac's Microwave Beef & Cheese Pie 175g,Promoted,Add to cart,Save to list
$4.75,$0.68 / 100ML,Bulla Icy Pops Lemonade Raspberry & Cola 10 Pack,5.0,/,13,Add to cart,Save to list
$4.75,$1.00 / 100ML,Woolworths Ice Cream Cones Vanilla 4 Pack,4.5,/,864,Add to cart,Save to list
SAVE $2.50,$8.50,$11.00 - $0.43 / 100ML,Bulla Creamy Classics Ice Cream Vanilla 2l,4.8,/,255,Add to cart,Save to list
$5.80,$7.73 / 1KG,McCain Beer Batter Chips Shoestring 750g,4.8,/,60,Add to cart,Save to list
$5.50,$11.00 / 1KG,Birds Eye Veggie Rice Cauliflower 500g,4.6,/,88,Add to cart,Save to list
$9.00,$1.29 / 100G,Four'N Twenty Pies Beef & Cheese 700g,4.5,/,50,Add to cart,Save to list
SAVE $2.00,$7.00,$9.00 - $1.29 / 100ML,Paddle Pop Ice Confection Chocolate 68mL x 8 pack,4.4,/,17,Add to cart,Save to list
$12.50,$35.71 / 1KG,Ingham's Two Premium Chicken Breast Kyiv Garlic Butter 350G,4.4,/,80,Add to cart,Save to list
EVERYDAY LOW PRICE,$4.50,$6.00 / 1KG,Woolworths Australian Beer Batter Steakhouse Chips 750g,4.2,/,23,Add to cart,Save to list
EVERYDAY LOW PRICE,$3.90,$1.95 / 100G,Annabel Karmel Little Meals Veggie Pasta Bake 200G,4.7,/,16,Add to cart,Save to list
$3.40,$1.89 / 100G,National Pies Classic Beef Pie Single 180g,4.8,/,5,Add to cart,Save to list
EVERYDAY LOW PRICE,$4.40,$11.00 / 1KG,Woolworths Chicken Breast Crumbed Tenders 400g,4.4,/,1393,Add to cart,Save to list
$6.00,$10.00 / 1KG,Birds Eye Deli Seasoned Roast Potatoes Rosemary & Garlic 600g,4.7,/,100,Add to cart,Save to list
$4.75,$1.00 / 100ML,Woolworths Ice Cream Cones Choc Mint 4 Pack,4.6,/,2312,Add to cart,Save to list
$10.50,$21.00 / 1KG,Oob Organic Frozen Mixed Berries 500G,4.5,/,23,Add to cart,Save to list
SAVE $4.75,$4.75,$9.50 - $1.00 / 100ML,Peters Drumstick Super Chocolate 4 Pack,4.9,/,45,Add to cart,Save to list
LOWER AUTUMN PRICE,$4.00,$8.89 / 1KG,RANGE WAS $4.50 - 25/02/2025,"Heinz Steam Fresh Vegetables Frozen Veg Broccoli, Carrots & Peas 450g",4.5,/,70,Add to cart,Save to list
EVERYDAY LOW PRICE,$7.00,$0.18 / 100ML,Woolworths Essential Reduced Fat Ice Cream Vanilla 4L,3.7,/,320,Add to cart,Save to list
$6.50,$0.65 / 100G,Pampas Puff Pastry 6 Sheets 1kg,4.7,/,68, Promoted,Add to cart,Save to list
SAVE $0.90,$2.60,$3.50 - $1.49 / 100G,Mrs Mac's Microwave Beef Pie Frozen 175g,5.0,/,3, Promoted,Add to cart,Save to list
$13.50,$2.95 / 100ML,Haagen-Dazs Ice Cream Vanilla 457mL,4.7,/,17, Promoted,Add to cart,Save to list
$13.00,$13.00 / 1KG,Ingham's Chicken Tenders Original 1kg,5.0,/,1,Add to cart,Save to list
EVERYDAY LOW PRICE,$6.60,$6.60 / 1KG,McCain Peas Baby 1kg,4.7,/,91,Add to cart,Save to list
$13.50,$13.50 / 1KG,Steggles Chicken Nuggets Crumbed 1kg,4.3,/,82,Add to cart,Save to list
$3.00,$0.75 / 100G,Essentials Beef Lasagne 400g,Add to cart,Save to list
EVERYDAY LOW PRICE,$4.40,$11.00 / 1KG,Woolworths Chicken Breast Sweet Chilli Tenders 400g,4.5,/,913,Add to cart,Save to list
SAVE $2.00,$7.00,$9.00 - $1.29 / 100ML,Paddle Pop Ice Confection Rainbow 68mL x 8 pack,4.2,/,11,Add to cart,Save to list
$5.80,$11.60 / 1KG,McCain Pub Style Onion Rings 500g,Add to cart,Save to list
SAVE $2.00,$7.70,$9.70 - $1.38 / 100G,Patties Party Pies Frozen 12 Pack,4.4,/,92,Add to cart,Save to list
$9.50,$2.26 / 100G,Herbert Adams Pies King Island Beef 2 Pack,4.7,/,53,Add to cart,Save to list
LOWER AUTUMN PRICE,$4.00,$8.89 / 1KG,RANGE WAS $4.50 - 25/02/2025,"Heinz Steam Fresh Vegetables Frozen Veg Carrots, Corn & Broccoli 450g",4.6,/,133,Add to cart,Save to list
EVERYDAY LOW PRICE,$4.50,$5.00 / 1KG,Woolworths Steakhouse Chips 900g,4.1,/,413,Add to cart,Save to list
$5.50,$11.00 / 1KG,"Birds Eye Veggie Rice Carrot, Cauli & Broccoli 500g",Add to cart,Save to list
LOWER AUTUMN PRICE,$4.50,$1.29 / 100G,RANGE WAS $5 - 25/02/2025,McCain Spinach & Ricotta Ravioli Healthy Choice Frozen Meal 350g,4.3,/,29,Add to cart,Save to list
EVERYDAY LOW PRICE,$20.00,$1.05 / 100ML,Peters Drumstick Ice Cream Vanilla 16 Pack,4.9,/,95,Add to cart,Save to list
$9.50,$2.26 / 100G,Herbert Adams Pies Creamy Chicken & Leek 2 Pack,4.5,/,96,Add to cart,Save to list
$12.00,$2.80 / 100ML,2 FOR $16.00 - $1.87/100ML,Magnum Classic Frozen Dessert Sticks 4 Pack,4.8,/,52,Add to cart,Save to list
EVERYDAY LOW PRICE,$3.90,$1.95 / 100G,Annabel Karmel Little Meals Cottage Pie 200g,4.6,/,28,Add to cart,Save to list
EVERYDAY LOW PRICE,$11.00,$11.00 / 1KG,Woolworths Frozen Fish Crumbed 1kg,4.7,/,259,Add to cart,Save to list
LOWER AUTUMN PRICE,$6.50,$2.03 / 100G,RANGE WAS $7.50 - 25/02/2025,McCain Dinner Roast Lamb Frozen Meal 320g,3.8,/,40,Add to cart,Save to list
LOWER AUTUMN PRICE,$3.80,$1.46 / 100G,RANGE WAS $4.50 - 25/02/2025,On The Menu Beef Ragu Pappardelle Frozen Meal 260g,4.5,/,49,Add to cart,Save to list
$9.00,$22.50 / 1KG,Amazonia Acai Energy Guarana Blend 100G x4 Pack,4.5,/,30,Add to cart,Save to list
EVERYDAY LOW PRICE,$3.90,$1.95 / 100G,Annabel Karmel Little Meals Butter Chicken & Rice 200G,5.0,/,20,Add to cart,Save to list
$9.00,$1.50 / 100G,McCain Pizza Slice Snacks Meatlovers 2 Pack,4.1,/,48,Add to cart,Save to list
$5.80,$1.93 / 100G,3 FOR $15.00 - $1.67/100G,Woolworths Mozzarella Sticks 300g,4.2,/,1246,Add to cart,Save to list
$9.00,$30.00 / 1KG,Sealord Hoki Thai Lime & Coconut 150g x 2 pack,5.0,/,1, Promoted,Add to cart,Save to list
EVERYDAY LOW PRICE,$5.70,$6.91 / 1KG,Birds Eye Australian Grown Baby Beans 825g,Promoted,Add to cart,Save to list
$9.00,$30.00 / 1KG,Sealord Hoki 3 Seed Premium 150g x 2 pack,Promoted,Add to cart,Save to list
$13.00,$13.00 / 1KG,Ingham's Chicken Tenders Original 1kg,5.0,/,1,Add to cart,Save to list
EVERYDAY LOW PRICE,$6.60,$6.60 / 1KG,McCain Peas Baby 1kg,4.7,/,91,Add to cart,Save to list
$13.50,$13.50 / 1KG,Steggles Chicken Nuggets Crumbed 1kg,4.3,/,82,Add to cart,Save to list
$13.50,$3.55 / 100ML,Haagen-Dazs Little Cups Signature Collection Ice Cream Cups 95mL x 4 pack,Promoted,Add to cart,Save to list
SAVE $4.50,$4.50,$9.00 - $0.95 / 100G,"Bulla Frozen Yoghurt Strawberry, Mango & Wildberry 8 Pack",4.8,/,95,Add to cart,Save to list
EVERYDAY LOW PRICE,$6.00,$0.30 / 100ML,Bulla Vanilla Ice Cream 2l,4.8,/,117,Add to cart,Save to list
EVERYDAY LOW PRICE,$11.00,$11.00 / 1KG,Woolworths Frozen Fish Fillets Battered 1kg,4.5,/,288,Add to cart,Save to list
$3.80,$0.86 / 100ML,Woolworths Peppermint Chocolate Flakes Ice Cream Sandwich 4 Pack,4.4,/,741,Add to cart,Save to list
$8.50,$1.73 / 100G,SAVE $4 WHEN YOU SPEND $15 ON SELECT DRINKS & FROZEN PIZZA*,McCain Family Pizza Pepperoni 490g,Add to cart,Save to list
EVERYDAY LOW PRICE,$4.90,$11.53 / 1KG,Woolworths Fish Fillets Crumbed 425g,4.4,/,886,Add to cart,Save to list
SAVE $1.50,$5.00,$6.50 - $13.33 / 1KG,Birds Eye Fish Fingers Original Crumb 375g,4.4,/,41,Add to cart,Save to list
$7.00,$11.67 / 1KG,Birds Eye Deli Sweet Potato Chips 600g,4.6,/,39,Add to cart,Save to list
$6.50,$1.44 / 100G,Nanna's Frozen Apple Snack Pies 450g 4 pack,4.7,/,69,Add to cart,Save to list
$5.80,$14.50 / 1KG,Steggles Chicken Breast Nuggets Tempura 400g,4.6,/,62,Add to cart,Save to list
SAVE $4.50,$4.50,$9.00 - $0.71 / 100ML,"Bulla Crunch Caramel, Strawberry & Honeycomb 8 Pack",4.7,/,82,Add to cart,Save to list
$9.00,$20.00 / 1KG,Macro Organic Frozen Strawberries 450g,4.4,/,888,Add to cart,Save to list
$11.50,$2.05 / 100ML,Peters Maxibon Vanilla 4 Pack,Add to cart,Save to list
SAVE $3.00,$6.50,$9.50 - $2.32 / 100ML,Weis Fruit & Ice Cream Bars Mango 70mL x 4 pack,4.9,/,32,Add to cart,Save to list
$13.50,$3.55 / 100ML,Haagen-Dazs Little Cups Signature Collection Ice Cream Cups 95mL x 4 pack,Promoted,Add to cart,Save to list
$7.00,$11.67 / 1KG,Birds Eye Deli Seasoned Sides Garlic Butter Style & Parsley 600g,Promoted,Add to cart,Save to list
EVERYDAY LOW PRICE,$4.30,$4.78 / 1KG,McCain Superfries Shoestring 900g,4.6,/,171, Promoted,Add to cart,Save to list
SAVE $1.80,$4.20,$6.00 - $5.60 / 1KG,McCain Pub Style Extra Crispy Chips 750g,4.8,/,5, Promoted,Add to cart,Save to list
$5.60,$1.49 / 100G,McCain Fettuccine Carbonara Frozen Meal 375g,4.5,/,49,Add to cart,Save to list
EVERYDAY LOW PRICE,$7.50,$1.50 / 100G,Four'N Twenty Sausage Roll Party 500g,4.2,/,60,Add to cart,Save to list
$7.00,$11.67 / 1KG,Birds Eye Deli Seasoned Sides Garlic Butter Style Green Beans 600g,Promoted,Add to cart,Save to list
$7.00,$14.00 / 1KG,Birds Eye Deli Seasoned Sides Garlic Herb Broccoli 500g,Promoted,Add to cart,Save to list
$7.50,$15.00 / 1KG,Lamb Weston Mini Potato Cakes Scallops Original 500g,Promoted,Add to cart,Save to list
EVERYDAY LOW PRICE,$4.30,$4.78 / 1KG,McCain Superfries Crinkle Cut 900g,4.3,/,149, Promoted,Add to cart,Save to list
$12.00,$3.33 / 100ML,2 FOR $16.00 - $2.22/100ML,Magnum Mini Almond Frozen Dessert Sticks 6 Pack,4.8,/,61,Add to cart,Save to list
LOWER AUTUMN PRICE,$4.50,$1.29 / 100G,RANGE WAS $5 - 25/02/2025,McCain Healthy Choice Lemon Herb Chicken Frozen Meal 350g,1.0,/,1,Add to cart,Save to list
SAVE $4.75,$4.75,$9.50 - $1.00 / 100ML,Peters Drumstick Ice Cream Boysenberry Swirl 4 Pack,5.0,/,34,Add to cart,Save to list
SAVE $1.00,$3.50,$4.50 - $0.90 / 100G,Katoomba Roti Bread 6 Pack,Add to cart,Save to list
EVERYDAY LOW PRICE,$2.80,$7.00 / 1KG,Bell Farms Salted Edamame 400g,3.8,/,390,Add to cart,Save to list
EVERYDAY LOW PRICE,$10.00,$2.50 / 100G,Ingham's Chicken Breast Schnitzel Gluten Free 400g,4.6,/,38,Add to cart,Save to list
$3.50,$25.00 / 1KG,Birds Eye Microwave Chips Crinkle 140g,3.9,/,94,Add to cart,Save to list
EVERYDAY LOW PRICE,$9.00,$0.75 / 100ML,Peters Lactose Free Vanilla Tub 1.2l,5.0,/,2,Add to cart,Save to list
$7.70,$10.27 / 1KG,McCain Straight Sweet Potato Chips 750g,4.5,/,63,Add to cart,Save to list
SAVE $4.75,$4.75,$9.50 - $0.99 / 100ML,Peters Drumstick Mini Chocolate Caramel 6 Pack,4.8,/,24,Add to cart,Save to list
$13.50,$13.50 / 1KG,Steggles Chicken Breast Tenders Sweet Chilli 1kg,4.5,/,54,Add to cart,Save to list
SAVE $4.75,$4.75,$9.50 - $1.00 / 100ML,Peters Drumstick Caramel 4 Pack,4.8,/,25,Add to cart,Save to list
$14.00,$28.00 / 1KG,Tegel Take Outs Nashville Style Chicken Tenders 500g,5.0,/,1,Add to cart,Save to list
LOWER AUTUMN PRICE,$4.50,$1.61 / 100G,RANGE WAS $5 - 25/02/2025,McCain Healthy Choice Chinese Chicken Cashew Frozen Meal 280g,4.1,/,32,Add to cart,Save to list
$6.00,$10.00 / 1KG,Birds Eye Deli Seasoned Chips Golden Ale Beer Batter 600g,4.6,/,77,Add to cart,Save to list
SAVE $1.50,$4.50,$6.00 - $11.25 / 1KG,Creative Gourmet Frozen Passion Fruit Pulp 400g,4.9,/,17,Add to cart,Save to list
EVERYDAY LOW PRICE,$11.00,$2.04 / 100G,Simply Wize Pastry Puff Gluten Free 540g,3.8,/,72,Add to cart,Save to list
SAVE $3.00,$6.50,$9.50 - $2.32 / 100ML,"Weis Ice Cream & Fruit Bar Macadamia, Mango & Ice Cream 4 x 70mL",4.8,/,56,Add to cart,Save to list
EVERYDAY LOW PRICE,$4.30,$4.78 / 1KG,McCain Superfries Straight Cut 900g,4.2,/,71, Promoted,Add to cart,Save to list
$12.00,$0.80 / 100G,Marathon Dim Sims 1.5kg,4.7,/,118, Promoted,Add to cart,Save to list
$6.00,$2.14 / 100G,Lean Cuisine Spaghetti Bolognese 280g,4.0,/,1,Add to cart,Save to list
$12.00,$3.33 / 100ML,Cadbury Dairy Milk Caramello Frozen Dessert Sticks 4 Pack,3.0,/,1,Add to cart,Save to list
$7.00,$9.33 / 1KG,Birds Eye Golden Crunch Sidewinders Twisty Potato Chips 750g,Promoted,Add to cart,Save to list
$12.50,$50.00 / 1KG,Birds Eye Air Baked Barramundi Crumbed Fish 250g,Promoted,Add to cart,Save to list
$7.00,$11.67 / 1KG,Birds Eye Deli Roast Vegetables Potato Pumpkin Red Onion & Carrot 600g,4.0,/,66, Promoted,Add to cart,Save to list
$13.00,$23.64 / 1KG,Tegel Take Outs Extra Crunchy Chicken Burgers 550g,4.8,/,13, Promoted,Add to cart,Save to list
$4.00,$0.40 / 100G,Woolworths Pastry Shortcrust 1kg,4.4,/,737,Add to cart,Save to list
$4.50,$1.80 / 100G,Della Rosa Low Carb High Protein Pizza Base 250g,5.0,/,1,Add to cart,Save to list
EVERYDAY LOW PRICE,$8.00,$20.00 / 1KG,Tegel Gluten Free Tempura Chicken Nuggets 400g,Add to cart,Save to list
LOWER AUTUMN PRICE,$4.50,$1.36 / 100G,RANGE WAS $5 - 25/02/2025,McCain Honey Stir Fry Chicken Healthy Choice Frozen Meal 330g,3.9,/,27,Add to cart,Save to list
$10.00,$40.00 / 1KG,Birds Eye Deli Barramundi Fillets Light Batter 250g,4.0,/,18,Add to cart,Save to list
SAVE $1.00,$3.00,$4.00 - $6.00 / 1KG,"Birds Eye Snap Frozen Mixed Vegetables Peas, Corn & Capsicum 500g",4.7,/,59,Add to cart,Save to list
$6.00,$2.14 / 100G,Lean Cuisine Beef Stroganoff With Pasta Frozen Meal 280g,Add to cart,Save to list
$5.50,$13.75 / 1KG,Woolworths Chicken Breast Schnitzel 400g,4.2,/,568,Add to cart,Save to list
EVERYDAY LOW PRICE,$4.90,$11.53 / 1KG,Woolworths Battered Fish Fillets 425g,4.4,/,596,Add to cart,Save to list
LOWER AUTUMN PRICE,$3.80,$1.46 / 100G,RANGE WAS $4.50 - 25/02/2025,On The Menu Three Cheese Macaroni 260g,4.1,/,45,Add to cart,Save to list
LOWER AUTUMN PRICE,$3.80,$1.46 / 100G,RANGE WAS $4.50 - 25/02/2025,On The Menu Cottage Pie Frozen Meal 260g,4.1,/,58,Add to cart,Save to list
$5.00,$1.00 / 100G,Woolworths Frozen Pizza Hawaiian 500g,3.2,/,1976,Add to cart,Save to list
EVERYDAY LOW PRICE,$8.00,$0.67 / 100ML,Peters No Sugar Added Vanilla Tub 1.2l,Add to cart,Save to list
SAVE $1.50,$10.00,$11.50 - $16.67 / 1KG,Ingham's Four Chicken Kyivs Creamy Garlic 600g,4.4,/,68,Add to cart,Save to list
$12.00,$2.80 / 100ML,2 FOR $16.00 - $1.87/100ML,Magnum Almond Frozen Dessert Sticks 4 Pack,4.7,/,39,Add to cart,Save to list
$6.70,$1.02 / 100G,Marathon Spring Rolls 660g,Add to cart,Save to list
EVERYDAY LOW PRICE,$10.00,$10.00 / 1KG,Woolworths Crumbed Chicken Breast Nuggets 1kg,4.2,/,722,Add to cart,Save to list
$4.00,$2.50 / 100G,Four'N Twenty Beef Cheese & Bacon Pie 160g,4.2,/,18,Add to cart,Save to list
SAVE $4.00,$6.00,$10.00 - $15.79 / 1KG,Birds Eye Steam Fresh Thai Red Curry Sauce 380g,4.7,/,20,Add to cart,Save to list
$3.40,$1.89 / 100G,National Pies Pasties 180g,4.8,/,4,Add to cart,Save to list
SAVE $1.80,$4.20,$6.00 - $5.60 / 1KG,McCain Pub Style Fries 750g,4.6,/,74,Add to cart,Save to list
SAVE $4.75,$4.75,$9.50 - $0.99 / 100ML,Peters Drumstick Mini Boysen Berry Swirl 6 Pack,4.7,/,49,Add to cart,Save to list
OUT OF STOCK,Bell Farms Frozen Mash Potato 1kg,4.4,/,644,View similar,products,             to Bell Farms Frozen Mash Potato 1kg,Save to list
EVERYDAY LOW PRICE,$4.90,$5.94 / 1KG,Birds Eye Australian Grown Garden Peas 825g,Promoted,Add to cart,Save to list
SAVE $2.00,$5.00,$7.00 - $14.29 / 1KG,Strong Roots Sweet Potato Hash Brown 350g,3.5,/,2, Promoted,Add to cart,Save to list
$9.50,$1.64 / 100G,Pie Society Meatless Classic Cottage Pies 2 Pack,Promoted,Add to cart,Save to list
$12.50,$32.89 / 1KG,Birds Eye Air Baked Southern Blue Whiting Crumbed Fish 380g,2.0,/,1, Promoted,Add to cart,Save to list
SAVE $2.50,$8.50,$11.00 - $0.43 / 100ML,Bulla Creamy Classics Ice Cream Cookies & Cream 2l Tub,4.7,/,115,Add to cart,Save to list
$12.00,$1.20 / 100ML,Connoisseur Ice Cream Cookies & Cream 1l Tub,4.8,/,63,Add to cart,Save to list
$5.80,$1.61 / 100G,3 FOR $15.00 - $1.39/100G,Woolworths Garlic Chicken Bites 360g,4.2,/,486,Add to cart,Save to list
$4.00,$1.07 / 100G,3 FOR $10.95 - $0.97/100G,Woolworths Chicken Fettuccine Carbonara 375g,3.0,/,134,Add to cart,Save to list
EVERYDAY LOW PRICE,$7.00,$1.09 / 100ML,Skinny Cow Ice Cream Sundaes Chocolate Vanilla Caramel 4 Pack,Add to cart,Save to list
LOWER AUTUMN PRICE,$6.50,$2.03 / 100G,RANGE WAS $7.50 - 25/02/2025,McCain Dinner Chicken Parmagiana Frozen Meal 320g,4.4,/,49,Add to cart,Save to list
$7.00,$9.33 / 1KG,Birds Eye Golden Crunch Sidewinders Twisty Potato Chips 750g,Add to cart,Save to list
$9.50,$1.90 / 100ML,Amazonia Acai Sorbet Original 500ml,Add to cart,Save to list
LOWER AUTUMN PRICE,$4.00,$8.89 / 1KG,RANGE WAS $4.50 - 25/02/2025,Heinz Steam Fresh Vegetables Frozen Veg Beans Broccoli Peas 450g,4.7,/,110,Add to cart,Save to list
$6.00,$10.00 / 1KG,"Birds Eye Deli Seasoned Chips Parmesan, Garlic & Basil 600g",4.7,/,120,Add to cart,Save to list
$12.50,$3.13 / 100ML,Cadbury Choc Tops Ice Cream Cones 400mL,Add to cart,Save to list
SAVE $0.90,$2.60,$3.50 - $1.49 / 100G,Mrs Mac's Microwave Beef Pie Frozen 175g,5.0,/,3,Add to cart,Save to list
$5.30,$2.41 / 100G,Coco & Lucas' Butter Chicken & Jasmine Rice Frozen Meal 220g,4.0,/,20,Add to cart,Save to list
$9.50,$1.98 / 100G,McCain Pub Size Chicken Kyiv Frozen Meal 480g,4.3,/,44,Add to cart,Save to list
EVERYDAY LOW PRICE,$6.00,$6.00 / 1KG,McCain Peas 1kg,4.9,/,46,Add to cart,Save to list
$7.50,$1.15 / 100G,Chiko Original Rolls 4 Pack,4.6,/,97,Add to cart,Save to list
EVERYDAY LOW PRICE,$4.50,$2.80 / 100G,On The Menu Ready Go Eat Burgers Cheese Frozen Meal 161g,3.9,/,59,Add to cart,Save to list
SAVE $2.00,$5.00,$7.00 - $10.00 / 1KG,Strong Roots Oven Baked Sweet Potato Fries 500g,5.0,/,1, Promoted,Add to cart,Save to list
$9.00,$0.90 / 100ML,Juicies Tropical Frozen 10 Pack,5.0,/,1, Promoted,Add to cart,Save to list
$6.00,$10.00 / 1KG,Birds Eye Deli French Fries Garlic Herb & Lemon 600g,4.8,/,71, Promoted,Add to cart,Save to list
$13.00,$21.67 / 1KG,Tegel Take Outs Flame Grilled Chicken Steaks 600g,5.0,/,1, Promoted,Add to cart,Save to list
$5.50,$19.64 / 1KG,Findus Crumbed Fish Fingers 10 Pack,Add to cart,Save to list
SAVE $4.00,$6.00,$10.00 - $15.79 / 1KG,Birds Eye Steam Fresh Thai Red Curry Sauce 380g,4.7,/,20,Add to cart,Save to list
$6.50,$2.41 / 100G,Keith's Foods Mini Dagwood Dogs 270g,4.5,/,69,Add to cart,Save to list
$12.50,$32.89 / 1KG,Birds Eye Air Baked Deep Sea Dory Crumbed Fish 380g,Promoted,Add to cart,Save to list
$9.00,$30.00 / 1KG,Sealord Hoki Parmesan & Rosemary Ciabatta 150g x 2 pack,Promoted,Add to cart,Save to list
SAVE $2.00,$5.00,$7.00 - $7.69 / 1KG,Strong Roots Proper Chips 650g,Promoted,Add to cart,Save to list
$12.50,$50.00 / 1KG,Birds Eye Air Baked South American Flathead Crumbed Fish 250g,Promoted,Add to cart,Save to list
EVERYDAY LOW PRICE,$5.50,$0.55 / 100G,Borg's Pastry Puff 6 Sheets 1kg,4.8,/,39,Add to cart,Save to list
$9.00,$20.00 / 1KG,Macro Organic Frozen Mango 450g,4.2,/,225,Add to cart,Save to list
SAVE $1.40,$5.60,$7.00 - $1.75 / 100G,On The Menu Roast Beef Frozen Meal 320g,1.0,/,1,Add to cart,Save to list
SAVE $1.00,$5.50,$6.50 - $3.18 / 100G,Sambazon Berry Bliss Acai Bowl 173g,Add to cart,Save to list
EVERYDAY LOW PRICE,$6.00,$6.00 / 1KG,Birds Eye Sweet Corn Cobs 1kg,4.6,/,61,Add to cart,Save to list
$9.50,$2.38 / 100G,Herbert Adams Pies Slow Cooked Beef & Peppercorn 2 Pack,4.7,/,50,Add to cart,Save to list
$6.00,$2.14 / 100G,Lean Cuisine Lamb & Rosemary Hotpot Frozen Meal 280g,Add to cart,Save to list
LOWER AUTUMN PRICE,$8.50,$2.43 / 100G,RANGE WAS $9.50 - 25/02/2025,Strength Meals Co Pulled Beef Lasagne 350g,3.9,/,312,Add to cart,Save to list
$12.50,$32.89 / 1KG,Birds Eye Air Baked Southern Blue Whiting Crumbed Fish 380g,2.0,/,1,Add to cart,Save to list
$5.50,$3.07 / 100G,On The Menu Roast Chicken Rolls 179g,4.3,/,56,Add to cart,Save to list
$6.20,$12.40 / 1KG,Woolworths Frozen Blackberries 500g,4.7,/,219,Add to cart,Save to list
SAVE $0.90,$3.00,$3.90 - $1.50 / 100G,Annabel Karmel Little Meals Mild Coconut Chicken Curry 200g,Add to cart,Save to list
$13.50,$2.95 / 100ML,Haagen-Dazs Ice Cream Vanilla 457mL,4.7,/,17,Add to cart,Save to list
$3.40,$1.89 / 100G,National Pies Curried Chicken Pie Single 180g,5.0,/,1,Add to cart,Save to list
$7.00,$1.87 / 100G,Lean Cuisine Sundried Tomato & Chicken Pasta Frozen Meal 375g,Add to cart,Save to list
LOWER AUTUMN PRICE,$7.00,$14.58 / 1KG,WAS $8 - 25/02/2025,Birds Eye Fish Cakes Salmon With Vegetables & Herbs 480g,4.4,/,33,Add to cart,Save to list
$7.50,$18.75 / 1KG,Potato Utopia Four Cheese Potato Gratin 400g,5.0,/,2,Add to cart,Save to list
SAVE $1.00,$5.50,$6.50 - $3.18 / 100G,Sambazon Amazon Superberry Acai Bowl 173g,Add to cart,Save to list
$14.00,$28.00 / 1KG,Tegel Take Outs Nashville Style Chicken Tenders 500g,5.0,/,1, Promoted,Add to cart,Save to list
$13.50,$2.95 / 100ML,Haagen-Dazs Ice Cream Salted Caramel 457mL,4.8,/,38, Promoted,Add to cart,Save to list
$9.40,$31.33 / 1KG,Sealord Gluten Free Hoki Fish Fillet Crumb 300g,4.4,/,58, Promoted,Add to cart,Save to list
SAVE $2.00,$5.00,$7.00 - $6.67 / 1KG,Strong Roots Crispy Skinny Fries 750g,Promoted,Add to cart,Save to list
SAVE $1.50,$4.50,$6.00 - $11.25 / 1KG,Creative Gourmet Frozen Dragon Fruit Chunks 400g,4.8,/,17,Add to cart,Save to list
$8.00,$22.22 / 1KG,I&J Classic South Pacific Calamari Rings 360g,Add to cart,Save to list
SAVE $3.00,$6.00,$9.00 - $1.00 / 100ML,Peters Frosty Fruits Tropical 8 Pack,4.7,/,61,Add to cart,Save to list
$9.50,$1.40 / 100G,Pie Society Plant Based Sausage Rolls 680g,5.0,/,1, Promoted,Add to cart,Save to list
$20.00,$22.47 / 1KG,Birds Eye Air Baked Southern Blue Whiting Crumbed Fish 890g,Promoted,Add to cart,Save to list
$13.50,$2.95 / 100ML,Haagen-Dazs Ice Cream Belgian Chocolate 457mL,Promoted,Add to cart,Save to list
SAVE $3.00,$6.00,$9.00 - $1.43 / 100ML,Peters Frosty Fruits Fruit Stack Ice Blocks 6 Pack,Add to cart,Save to list
SAVE $1.50,$6.50,$8.00 - $1.35 / 100ML,Twisted Minis Frozen Yoghurt Dessert Assorted 4 pack,4.7,/,18,Add to cart,Save to list
$12.50,$50.00 / 1KG,Birds Eye Air Baked Barramundi Crumbed Fish 250g,Add to cart,Save to list
$6.50,$6.50 / 1KG,"Birds Eye Australian Spring Greens Mix Green Beans, Peas & Broccoli 1kg",4.7,/,38,Add to cart,Save to list
SAVE $2.00,$7.70,$9.70 - $1.71 / 100G,Patties Sausage Roll Party 450g,4.2,/,79,Add to cart,Save to list
$9.50,$2.38 / 100G,Herbert Adams Pies Chunky Slow Cooked Beef 2 Pack,4.8,/,62,Add to cart,Save to list
EVERYDAY LOW PRICE,$19.50,$19.50 / 1KG,Ingham's Frozen Turkey Breast Traditional Roast 1kg,4.7,/,203,Add to cart,Save to list
$7.00,$11.67 / 1KG,Birds Eye Deli Roast Vegetables Potato Pumpkin Red Onion & Carrot 600g,4.0,/,66,Add to cart,Save to list
$12.00,$1.20 / 100ML,Connoisseur Ice Cream Belgian Chocolate 1l Tub,4.8,/,51,Add to cart,Save to list
SAVE $4.50,$4.50,$9.00 - $0.73 / 100ML,Bulla Choc Bars Vanilla 8 Pack,Add to cart,Save to list
$4.00,$1.07 / 100G,3 FOR $10.95 - $0.97/100G,Woolworths Sweet Potato Cottage Pie 375g,Add to cart,Save to list
EVERYDAY LOW PRICE,$7.00,$7.00 / 1KG,McCain Mixed Vegetables Peas & Super Sweet Corn 1kg,4.8,/,62,Add to cart,Save to list
SAVE $2.20,$8.80,$11.00 - $2.38 / 100G,McCain Rustica Thin & Crispy Australian Angus Beef Pizza 370g,Add to cart,Save to list
$5.00,$1.79 / 100G,Temptation Bakeries Quiche Tasty Cheese & Bacon 2 Pack,4.5,/,38,Add to cart,Save to list
SAVE $2.60,$3.90,$6.50 - $1.22 / 100G,Weight Watchers Classic Mushroom & Pumpkin Risotto Frozen Meal 320g,3.9,/,11,Add to cart,Save to list
EVERYDAY LOW PRICE,$5.70,$6.91 / 1KG,Birds Eye Australian Grown Baby Peas 825g,Promoted,Add to cart,Save to list
EVERYDAY LOW PRICE,$5.40,$30.00 / 1KG,The Real Yorkshire Pudding Co. Yorkshire Puddings 6 Pack,Add to cart,Save to list
EVERYDAY LOW PRICE,$2.90,$0.97 / 100G,Trang's Pastry Spring Roll Sheets 300g,4.4,/,37,Add to cart,Save to list
SAVE $2.60,$3.90,$6.50 - $1.22 / 100G,Weight Watchers Spinach & Ricotta Ravioli 320g,Add to cart,Save to list
$6.00,$2.14 / 100G,Lean Cuisine Satay Chicken Noodles Frozen Meal 280g,5.0,/,1,Add to cart,Save to list
EVERYDAY LOW PRICE,$6.80,$6.80 / 1KG,McCain Mixed Vegetable Seasonal Mix Frozen 1kg,4.5,/,32,Add to cart,Save to list
SAVE $4.50,$4.50,$9.00 - $0.71 / 100ML,Bulla Crunch Double Choc 8 Pack,4.7,/,101,Add to cart,Save to list
EST. RESTOCK 07/04/25,Cadbury Dairy Milk Minis Vanilla With Choc Swirls Coated 6 pack,Add to cart,Save to list
SAVE $4.50,$4.50,$9.00 - $0.60 / 100ML,Bulla Splits Raspberry 10 Pack,4.7,/,58,Add to cart,Save to list
$30.00,$35.29 / 1KG,Just Caught Raw Prawn Cutlets 850g,Add to cart,Save to list
SAVE $1.40,$5.60,$7.00 - $1.75 / 100G,On The Menu Chicken Parmigiana Frozen Meal 320g,4.3,/,64,Add to cart,Save to list
EVERYDAY LOW PRICE,$12.00,$6.00 / 1KG,McCain Mixed Vegetables Peas Corn & Carrot 2kg,4.9,/,36,Add to cart,Save to list
EVERYDAY LOW PRICE,$5.50,$0.28 / 100ML,Peters Original Ice Cream Choc Mint Swirl 2L,Add to cart,Save to list
EVERYDAY LOW PRICE,$2.40,$4.80 / 1KG,Bell Farms Frozen Baby Peas 500g,4.6,/,1535,Add to cart,Save to list
EVERYDAY LOW PRICE,$3.90,$3.90 / 1KG,Bell Farms Carrots Peas & Corn Snap Frozen 1kg,4.5,/,410,Add to cart,Save to list
EVERYDAY LOW PRICE,$6.50,$0.36 / 100ML,Peters Light & Creamy French Vanilla Ice Cream 1.8l,4.9,/,40,Add to cart,Save to list
$12.00,$3.33 / 100ML,Cadbury Caramilk Sticks 360ml x4 Pack,4.7,/,3,Add to cart,Save to list
$10.00,$1.00 / 100G,Ho Mai Spring Rolls Cocktail 1kg,4.6,/,143,Add to cart,Save to list
EVERYDAY LOW PRICE,$6.00,$0.30 / 100ML,Bulla Real Dairy Chocolate Ice Cream 2l,4.6,/,45,Add to cart,Save to list
$5.60,$1.40 / 100G,McCain Beef & Bacon Pasta Bake Frozen Meal 400g,4.3,/,16,Add to cart,Save to list
SAVE $4.50,$4.50,$9.00 - $2.25 / 100G,Mr Chen's Gluten Free Vegetable Gyoza Dumplings 200g,Add to cart,Save to list
LOWER AUTUMN PRICE,$3.80,$1.46 / 100G,RANGE WAS $4.50 - 25/02/2025,On The Menu Spaghetti & Meatballs Frozen Meal 260g,3.8,/,32,Add to cart,Save to list
EVERYDAY LOW PRICE,$4.80,$1.07 / 100G,Woolworths French Style Cheesecake 450g,4.0,/,849,Add to cart,Save to list
$11.50,$2.05 / 100ML,Peters Maxibon Monster Cookie Dessert Bars 4 Pack,Add to cart,Save to list
$5.30,$2.41 / 100G,Coco & Lucas' Spaghetti Bolognese Frozen Meal 220g,4.8,/,22,Add to cart,Save to list
$4.00,$2.22 / 100G,Four'N Twenty King Size Sausage Roll Single Wrap Chilled Meal 180g,Add to cart,Save to list
EVERYDAY LOW PRICE,$5.00,$5.56 / 1KG,Woolworths Crispy Straight Cut Chips 900g,4.4,/,190,Add to cart,Save to list
$7.00,$16.47 / 1KG,I&J Australian Hoki Fish Beer Battered 425g,5.0,/,1,Add to cart,Save to list
EVERYDAY LOW PRICE,$5.50,$0.28 / 100ML,Peters Original Rainbow 2l,4.6,/,30,Add to cart,Save to list
$9.30,$11.63 / 1KG,Woolworths Beef Burger Patties 10 pack,Add to cart,Save to list
$13.00,$13.00 / 1KG,Ingham's Buffalo Chicken Wing Dings 1kg,4.3,/,3,Add to cart,Save to list
$12.00,$2.53 / 100ML,Muscle Nation Protein Frozen Dessert Caramel Cheesecake 475mL,Add to cart,Save to list
$10.50,$2.50 / 100G,Herbert Adams Sausage Rolls King Island Beef Frozen 12 Pack,4.5,/,36,Add to cart,Save to list
$6.50,$6.50 / 1KG,Birds Eye Snap Frozen Baby Beans Carrot Corn & Broccoli Veg Mix 1kg,4.7,/,44,Add to cart,Save to list
$9.00,$30.00 / 1KG,Sealord Hoki Thai Lime & Coconut 150g x 2 pack,5.0,/,1, Promoted,Add to cart,Save to list
EVERYDAY LOW PRICE,$5.70,$6.91 / 1KG,Birds Eye Australian Grown Baby Beans 825g,Promoted,Add to cart,Save to list
$9.00,$30.00 / 1KG,Sealord Hoki 3 Seed Premium 150g x 2 pack,Promoted,Add to cart,Save to list
$10.00,$1.00 / 100ML,"Reese's Nutrageous Peanut Butter, Peanuts, Chocolate & Caramel 1l",Add to cart,Save to list
$6.50,$0.65 / 100ML,Gelativo Mango Sorbet 1l,4.7,/,35,Add to cart,Save to list
$7.60,$3.80 / 100G,Birds Eye Plant Based Chicken Strips 200g,Add to cart,Save to list
$10.50,$2.10 / 100G,Temptation Bakeries Petite Quiche 30 Pack,Add to cart,Save to list
LOWER AUTUMN PRICE,$8.50,$2.43 / 100G,RANGE WAS $9.50 - 25/02/2025,Strength Meals Co Braised Beef Ragu 350g,Add to cart,Save to list
EVERYDAY LOW PRICE,$10.00,$10.00 / 1KG,Woolworths Crumbed Chicken Breast Fingers 1kg,Add to cart,Save to list
$7.00,$11.67 / 1KG,Birds Eye Deli Seasoned Sides Davidson Plum & Ginger 600g,Promoted,Add to cart,Save to list
OUT OF STOCK,Woolworths Apple Pie Snack 4 Pack,4.3,/,1454,View similar,products,             to Woolworths Apple Pie Snack 4 Pack,Save to list
$13.50,$3.55 / 100ML,Haagen-Dazs Little Cups Signature Collection Ice Cream Cups 95mL x 4 pack,Promoted,Add to cart,Save to list
SAVE $4.25,$4.25,$8.50 - $1.52 / 100G,Bibigo Mandu Chicken Dumplings 280g,Add to cart,Save to list
$7.00,$11.67 / 1KG,Birds Eye Deli Seasoned Sides Garlic Butter Style Green Beans 600g,Promoted,Add to cart,Save to list
$7.00,$14.00 / 1KG,Birds Eye Deli Seasoned Sides Garlic Herb Broccoli 500g,Promoted,Add to cart,Save to list
$7.50,$15.00 / 1KG,Lamb Weston Mini Potato Cakes Scallops Original 500g,Promoted,Add to cart,Save to list
EVERYDAY LOW PRICE,$4.30,$4.78 / 1KG,McCain Superfries Crinkle Cut 900g,4.3,/,149, Promoted,Add to cart,Save to list
$6.50,$16.25 / 1KG,Birds Eye Steam Fresh Potato Mash With Butter 400g,4.7,/,86,Add to cart,Save to list
SAVE $4.25,$4.25,$8.50 - $1.01 / 100ML,Proud & Punch Choc Banana Smoothie Pops 6 Pack,4.4,/,47,Add to cart,Save to list
EVERYDAY LOW PRICE,$7.00,$1.29 / 100ML,Splice Streets Pine Lime Ice Cream 8 pack,5.0,/,1,Add to cart,Save to list
EVERYDAY LOW PRICE,$16.50,$11.00 / 1KG,Ingham's Dino Chicken Nuggets 1.5kg,Add to cart,Save to list
SAVE $3.00,$7.00,$10.00 - $3.65 / 100G,Little Moons Passionfruit & Mango Mochi Bites 6 Pack,4.2,/,551,Add to cart,Save to list
$6.50,$2.77 / 100G,Keith's Foods Mozzarella Cheese Sticks 235g,4.5,/,64,Add to cart,Save to list
$8.00,$22.22 / 1KG,I&J Salt & Pepper Squid Bites Lightly Crumbed 360g,3.8,/,16,Add to cart,Save to list
$8.50,$2.36 / 100G,Sara Lee French Cream Cheesecake 360g,4.7,/,42,Add to cart,Save to list
SAVE $3.00,$9.95,$12.95 - $3.06 / 100G,Fropro Protein Pizza Peri Peri Chicken 325g,Add to cart,Save to list
SAVE $1.50,$7.50,$9.00 - $7.50 / 1KG,Just Caught Skinless Basa Fillets Frozen 1kg,5.0,/,1,Add to cart,Save to list
SAVE $2.00,$6.50,$8.50 - $2.65 / 100G,Fropro Protein Burrito Chipotle Chicken 245g,Add to cart,Save to list
LOWER AUTUMN PRICE,$7.00,$1.73 / 100ML,WAS $10 - 25/02/2025,Bubble O Bill Frozen Dessert Sticks With Bubble Gum 4 Pack,Add to cart,Save to list
EVERYDAY LOW PRICE,$2.20,$1.26 / 100G,Woolworths Australian Beef Microwave Sausage Roll 175g,3.5,/,935,Add to cart,Save to list
SAVE $3.00,$9.00,$12.00 - $21.18 / 1KG,Birds Eye Oven Bake Fish Original Crumb 425g,4.3,/,88,Add to cart,Save to list
LOWER AUTUMN PRICE,$10.40,$1.89 / 100G,WAS $13 - 25/02/2025,Mr Chen's Pork & Chive Dumplings 550g,4.5,/,4,Add to cart,Save to list
EVERYDAY LOW PRICE,$7.00,$1.09 / 100ML,Skinny Cow Ice Cream Sundaes Vanilla Chocolate 4 Pack,Add to cart,Save to list
LOWER AUTUMN PRICE,$10.40,$1.89 / 100G,WAS $13 - 25/02/2025,Mr Chen's Prawn Hargow Dumplings 550g,4.8,/,30,Add to cart,Save to list
EVERYDAY LOW PRICE,$4.30,$4.78 / 1KG,McCain Superfries Straight Cut 900g,4.2,/,71, Promoted,Add to cart,Save to list
$12.00,$0.80 / 100G,Marathon Dim Sims 1.5kg,4.7,/,118, Promoted,Add to cart,Save to list
$6.70,$1.02 / 100G,Marathon Spring Rolls 660g,Promoted,Add to cart,Save to list
$14.00,$23.33 / 1KG,Tegel Take Outs Louisiana Style Chicken Burgers 600g,4.8,/,6, Promoted,Add to cart,Save to list
$12.50,$50.00 / 1KG,Birds Eye Air Baked Barramundi Crumbed Fish 250g,Promoted,Add to cart,Save to list
$7.00,$11.67 / 1KG,Birds Eye Deli Roast Vegetables Potato Pumpkin Red Onion & Carrot 600g,4.0,/,66, Promoted,Add to cart,Save to list
$13.00,$23.64 / 1KG,Tegel Take Outs Extra Crunchy Chicken Burgers 550g,4.8,/,13, Promoted,Add to cart,Save to list
$9.00,$1.50 / 100G,Marathon Puffy Dogs 600g,4.5,/,38,Add to cart,Save to list
EVERYDAY LOW PRICE,$5.30,$7.07 / 1KG,Woolworths Australian Hash Browns 750g,4.2,/,36,Add to cart,Save to list
SAVE $0.90,$3.00,$3.90 - $1.50 / 100G,"Annabel Karmel Little Meals Pumpkin, Parmesan & Mozzarella Risotto 200g",Add to cart,Save to list
$6.00,$2.14 / 100G,Lean Cuisine Beef In Red Wine Sauce With Garlic Mash Frozen Meal 280g,Add to cart,Save to list
$6.60,$1.20 / 100G,Pampas Butter Puff Pastry 550g,4.1,/,15,Add to cart,Save to list
LOWER AUTUMN PRICE,$3.80,$1.46 / 100G,RANGE WAS $4.50 - 25/02/2025,On The Menu Chicken Fettuccine Frozen Meal 260g,3.7,/,41,Add to cart,Save to list
$8.50,$2.07 / 100G,Sara Lee Strawberry Cheesecake 410g,4.6,/,23,Add to cart,Save to list
$7.00,$11.67 / 1KG,Birds Eye Seasoned Sides Potato Tomatoes Onion Garlic Basil 600g,Add to cart,Save to list
$7.00,$1.87 / 100G,Lean Cuisine Indian Butter Chicken With Rice Frozen Meal 375g,Add to cart,Save to list
$3.80,$7.60 / 1KG,Heinz Frozen Broad Beans 500g,4.5,/,76,Add to cart,Save to list
LOWER AUTUMN PRICE,$7.50,$2.78 / 100ML,RANGE WAS $10 - 25/02/2025,Magnum Dairy Free Frozen Dessert Sticks Almond 90ml x 3 Pack,4.9,/,124,Add to cart,Save to list
SAVE $4.25,$4.25,$8.50 - $1.52 / 100G,Bibigo Mandu Prawn & Chives Dumplings 280g,Add to cart,Save to list
$9.00,$2.31 / 100G,Dr. Oetker Ristorante Pizza Spinaci 390g,4.8,/,72,Add to cart,Save to list
$9.50,$1.98 / 100G,McCain Pub Size Parma 480g,3.9,/,52,Add to cart,Save to list
$8.00,$1.36 / 100ML,Peters Original Twin Pole Pineapple & Raspberry 8 Pack,5.0,/,2,Add to cart,Save to list
$5.60,$1.40 / 100G,McCain Spaghetti Bolognese Frozen Meal 400g,4.3,/,37,Add to cart,Save to list
$10.00,$1.25 / 100G,Zeus Spanakopita Spinach & Cheese 800g,Add to cart,Save to list
$5.00,$1.25 / 100ML,Woolworths Honeycomb Crunch Ice Cream 4 Pack,4.6,/,640,Add to cart,Save to list
SAVE $2.00,$5.00,$7.00 - $10.00 / 1KG,Strong Roots Oven Baked Sweet Potato Fries 500g,5.0,/,1, Promoted,Add to cart,Save to list
$12.00,$3.33 / 100ML,Cadbury Dairy Milk Hazelnut Sticks 4 Pack,Add to cart,Save to list
EVERYDAY LOW PRICE,$14.00,$0.93 / 100ML,Peters Ice Cream Cake Party 1.5l,5.0,/,25,Add to cart,Save to list
$12.00,$2.80 / 100ML,2 FOR $16.00 - $1.87/100ML,Magnum White Frozen Dessert Sticks 4 Pack,4.5,/,21,Add to cart,Save to list
$10.90,$0.27 / 100ML,Peters Original Neapolitan 4l,4.7,/,30,Add to cart,Save to list
SAVE $3.00,$6.50,$9.50 - $1.86 / 100G,CORE Powerfoods Satay Chicken With Rice And Green Beans 350g,Add to cart,Save to list
$6.00,$15.00 / 1KG,Steggles Chicken Breast Dino Snacks Tempura 400g,4.6,/,41,Add to cart,Save to list
SAVE $4.25,$4.25,$8.50 - $1.52 / 100G,Bibigo Mandu Pork & Kimchi Dumplings 280g,Add to cart,Save to list
SAVE $4.50,$4.50,$9.00 - $0.60 / 100ML,Bulla Splits Summer Variety Sticks 10 Pack,Add to cart,Save to list
SAVE $4.50,$9.50,$14.00 - $15.83 / 1KG,Ingham's Buttermilk Chicken Burgers 600g,Add to cart,Save to list
$13.50,$0.68 / 100G,On The Menu Beef Lasagne 2kg,4.4,/,82,Add to cart,Save to list
SAVE $4.25,$4.25,$8.50 - $1.52 / 100G,Bibigo Mandu Pork Dumplings 280g,Add to cart,Save to list
$11.50,$15.33 / 1KG,Lamb Weston Jumbo Potato Cakes Scallops Original 750g,Add to cart,Save to list
SAVE $2.00,$7.00,$9.00 - $1.29 / 100ML,Paddle Pop Banana Frozen Dessert Sticks 8 Pack,4.6,/,8,Add to cart,Save to list
EVERYDAY LOW PRICE,$8.50,$8.50 / 1KG,Blueline Seafood Crumbed Fish Fingers 1kg,Add to cart,Save to list
SAVE $2.00,$5.00,$7.00 - $10.00 / 1KG,Strong Roots Oven Baked Sweet Potato Fries 500g,5.0,/,1, Promoted,Add to cart,Save to list
$13.50,$2.95 / 100ML,Haagen-Dazs Ice Cream Salted Caramel 457mL,Promoted,Add to cart,Save to list
$9.40,$31.33 / 1KG,Sealord Gluten Free Hoki Fish Fillet Crumb 300g,Promoted,Add to cart,Save to list
SAVE $2.00,$5.00,$7.00 - $6.67 / 1KG,Strong Roots Crispy Skinny Fries 750g,Promoted,Add to cart,Save to list
$7.00,$16.47 / 1KG,I&J Australian Hoki Fish Original Crumb 425g,Add to cart,Save to list
$7.00,$2.33 / 100G,Vegie Delights Plant Based Chicken-Style Burgers 4 Pack,Add to cart,Save to list
$9.50,$0.95 / 100ML,Sanitarium So Good Vanilla Bliss Frozen Dessert 1l,4.4,/,49,Add to cart,Save to list
EVERYDAY LOW PRICE,$9.00,$1.20 / 100G,Woolworths Mini Cheese & Spinach Pastry Rolls 16 Pack,4.2,/,454,Add to cart,Save to list
SAVE $1.50,$5.00,$6.50 - $16.67 / 1KG,Birds Eye Fish Cakes Original Crumb 300g,4.2,/,58,Add to cart,Save to list
SAVE $4.00,$8.00,$12.00 - $0.80 / 100ML,Bulla Murray St Ice Creamery Vanilla Bean Ice Cream 1l,4.7,/,3,Add to cart,Save to list
$12.50,$32.89 / 1KG,Birds Eye Air Baked Deep Sea Dory Crumbed Fish 380g,Promoted,Add to cart,Save to list
$9.00,$30.00 / 1KG,Sealord Hoki Parmesan & Rosemary Ciabatta 150g x 2 pack,Promoted,Add to cart,Save to list
SAVE $2.00,$5.00,$7.00 - $7.69 / 1KG,Strong Roots Proper Chips 650g,Promoted,Add to cart,Save to list
$12.50,$50.00 / 1KG,Birds Eye Air Baked South American Flathead Crumbed Fish 250g,Promoted,Add to cart,Save to list
SAVE $2.50,$8.50,$11.00 - $0.43 / 100ML,Bulla Creamy Classics Ice Cream Mint Choc Chip 2l Tub,4.7,/,85,Add to cart,Save to list
SAVE $2.50,$8.50,$11.00 - $0.43 / 100ML,Bulla Creamy Classics Ice Cream Vanilla & Boysenberry 2l,4.8,/,46,Add to cart,Save to list
EVERYDAY LOW PRICE,$5.60,$0.80 / 100G,Woolworths Frozen Chicken & Vegetable Pie 4 Pack,3.2,/,140,Add to cart,Save to list
$5.80,$7.73 / 1KG,McCain Pub Styles Beer Batter Chunky Chips 750g,Add to cart,Save to list
SAVE $0.90,$2.60,$3.50 - $1.58 / 100G,Mrs Mac's Microwave Traditional Beef Pastie 165g,Add to cart,Save to list
SAVE $2.55,$5.95,$8.50 - $1.49 / 100G,Sara Lee Carrot Cake 400g,4.8,/,58,Add to cart,Save to list
SAVE $3.00,$6.00,$9.00 - $1.15 / 100ML,Peters Frosty Fruits Tropical 50% Less Sugar 8 pack,Add to cart,Save to list
SAVE $2.00,$5.00,$7.00 - $10.00 / 1KG,Strong Roots Oven Baked Sweet Potato Fries 500g,5.0,/,1,Add to cart,Save to list
$5.50,$2.20 / 100G,Papa Giuseppi's Panini Tomato & Cheese 250g 2 Pack,4.4,/,76,Add to cart,Save to list
$7.60,$3.80 / 100G,Birds Eye Plant Based Greek Lamb Strips 200g,1.5,/,2,Add to cart,Save to list
EVERYDAY LOW PRICE,$6.50,$0.33 / 100ML,Blue Ribbon Neapolitan Reduced Fat Ice Cream Dessert Tub 2L,4.7,/,41,Add to cart,Save to list
SAVE $1.00,$6.50,$7.50 - $1.04 / 100G,Borg's Spinach & Ricotta Pastizzis 625g,4.2,/,30,Add to cart,Save to list
SAVE $3.00,$6.50,$9.50 - $1.86 / 100G,CORE Powerfoods Core Powerfoods Holy Meatballs 350g,Add to cart,Save to list
SAVE $4.50,$10.00,$14.50 - $2.18 / 100ML,Ben & Jerry's Ice Cream Tub Chocolate Chip Cookie Dough 458ml,4.6,/,21,Add to cart,Save to list
$11.50,$2.05 / 100ML,Peters Maxibon Vanilla Slice 4 pack,Add to cart,Save to list
EVERYDAY LOW PRICE,$7.00,$0.18 / 100ML,Woolworths Essential Reduced Fat Ice Cream Neapolitan 4L,3.9,/,303,Add to cart,Save to list
$12.00,$2.53 / 100ML,Muscle Nation Protein Frozen Dessert Cookies & Cream 475mL,Add to cart,Save to list
$9.00,$1.29 / 100G,Four'N Twenty Pies Chicken & Vegetable 4 Pack,4.2,/,40,Add to cart,Save to list
$14.00,$28.00 / 1KG,Tegel Take Outs Nashville Style Chicken Tenders 500g,5.0,/,1, Promoted,Add to cart,Save to list
$13.50,$2.95 / 100ML,Haagen-Dazs Ice Cream Salted Caramel 457mL,4.8,/,38, Promoted,Add to cart,Save to list
$9.50,$1.40 / 100G,Pie Society Plant Based Sausage Rolls 680g,5.0,/,1, Promoted,Add to cart,Save to list
$20.00,$22.47 / 1KG,Birds Eye Air Baked Southern Blue Whiting Crumbed Fish 890g,Promoted,Add to cart,Save to list
$13.50,$2.95 / 100ML,Haagen-Dazs Ice Cream Belgian Chocolate 457mL,Promoted,Add to cart,Save to list
$7.50,$2.50 / 100G,Temptation Bakeries Quiche Petite Cheese & Spinach 300g,4.4,/,25,Add to cart,Save to list
EVERYDAY LOW PRICE,$4.50,$0.23 / 100ML,Woolworths Essential Reduced Fat Ice Cream Neapolitan 2L,3.5,/,667,Add to cart,Save to list
$13.50,$2.95 / 100ML,Haagen-Dazs Ice Cream Caramel Biscuit & Cream 457mL,Add to cart,Save to list
EVERYDAY LOW PRICE,$5.00,$1.33 / 100G,Art Of Pastry Frozen Fillo Pastry Sheets 375g,4.5,/,407,Add to cart,Save to list
$12.00,$3.33 / 100ML,Kinder Bueno Classic Cones 4 pack,Add to cart,Save to list
LOWER AUTUMN PRICE,$8.50,$2.43 / 100G,RANGE WAS $9.50 - 25/02/2025,Strength Meals Co Butter Chicken 350g,3.3,/,204,Add to cart,Save to list
SAVE $2.60,$3.90,$6.50 - $1.22 / 100G,Weight Watchers Classic Beef Bolognese Frozen Meal 320g,4.0,/,37,Add to cart,Save to list
SAVE $2.00,$6.50,$8.50 - $2.65 / 100G,FroPro Protein Burrito Butter Chicken Tortilla 245g,Add to cart,Save to list
SAVE $4.75,$4.75,$9.50 - $1.00 / 100ML,Peters Drumstick Saucy Dulce De Leche 4 Pack 475mL,Add to cart,Save to list
SAVE $2.00,$7.00,$9.00 - $17.50 / 1KG,Sealord Southern Blue Whiting Classic Crumb Bites 400g,4.5,/,52,Add to cart,Save to list
$5.80,$2.90 / 100G,3 FOR $15.00 - $2.50/100G,Woolworths Cauliflower Bites 200g,4.4,/,830,Add to cart,Save to list
SAVE $2.50,$4.50,$7.00 - $1.34 / 100G,Lean Cuisine Beef Tortellini 335g,Add to cart,Save to list
SAVE $2.90,$7.50,$10.40 - $1.50 / 100G,Mr Chen's Ginger Pork Dumplings 500g,Add to cart,Save to list
$13.50,$13.50 / 1KG,Steggles Chicken Salt Chicken Fingers 1kg,Add to cart,Save to list
EVERYDAY LOW PRICE,$5.50,$1.53 / 100ML,Woolworths Mini Almond Vanilla Ice Cream 6 pack,4.5,/,379,Add to cart,Save to list
$9.50,$1.98 / 100G,McCain Pub Size Butter Chicken Frozen Meal 480g,3.9,/,24,Add to cart,Save to list
$13.50,$13.50 / 1KG,Steggles Chicken Wing Nibbles Flaming 1kg,4.5,/,28,Add to cart,Save to list
SAVE $2.00,$6.50,$8.50 - $2.65 / 100G,Fropro Protein Burrito Moroccan Beef 245g,Add to cart,Save to list
EVERYDAY LOW PRICE,$5.70,$6.91 / 1KG,Birds Eye Australian Grown Baby Peas 825g,Promoted,Add to cart,Save to list
SAVE $0.90,$2.60,$3.50 - $1.86 / 100G,Mrs Mac's Microwave Spinach & 140g,Promoted,Add to cart,Save to list
$9.00,$0.90 / 100ML,Juicies Wildberry 10 Pack,Promoted,Add to cart,Save to list
SAVE $1.00,$6.60,$7.60 - $1.47 / 100G,Cheesebuddy Gluten Free Cheese Puffs 450g,Add to cart,Save to list
SAVE $2.55,$5.95,$8.50 - $1.70 / 100G,Sara Lee Butter Chocolate Cake 350g,Add to cart,Save to list
EVERYDAY LOW PRICE,$4.00,$4.00 / 1KG,Bell Farms Snap Frozen Winter Veggies 1kg,4.0,/,688,Add to cart,Save to list
$6.50,$16.25 / 1KG,"Birds Eye Steam Fresh Baby Potatoes With Broccoli, Carrots, Peas &Herbs 400g",4.7,/,34,Add to cart,Save to list
SAVE $2.50,$6.50,$9.00 - $1.83 / 100G,Dr. Oetker Ristorante Pizza Hawaii 355g,4.7,/,54,Add to cart,Save to list
$11.50,$2.61 / 100ML,Oreo Ice Cream Cookie Sandwich Cookie Sandwich 4 pack,4.5,/,16,Add to cart,Save to list
$6.70,$9.57 / 1KG,Potato Utopia Crispy Hash Browns 700g,Add to cart,Save to list
$6.50,$0.65 / 100G,Pampas Puff Pastry 6 Sheets 1kg,4.7,/,68, Promoted,Add to cart,Save to list
SAVE $0.90,$2.60,$3.50 - $1.49 / 100G,Mrs Mac's Microwave Beef Pie Frozen 175g,5.0,/,3, Promoted,Add to cart,Save to list
$9.00,$0.90 / 100ML,Juicies Tropical Frozen 10 Pack,Add to cart,Save to list
$7.00,$1.87 / 100G,Lean Cuisine Thai Red Chicken Curry With Rice Frozen Meal 375g,Add to cart,Save to list
EVERYDAY LOW PRICE,$10.00,$1.33 / 100G,Lucky Kitchen Classic Chicken Dumplings 750G,Add to cart,Save to list
OUT OF STOCK,Potato Utopia Steakhouse Fries 700g,View similar,products,             to Potato Utopia Steakhouse Fries 700g,Save to list
$9.00,$30.00 / 1KG,Sealord Hoki Thai Lime & Coconut 150g x 2 pack,5.0,/,1, Promoted,Add to cart,Save to list
SAVE $3.00,$7.00,$10.00 - $2.75 / 100ML,Magnum Double Caramel Ego 3 pack,3.0,/,1,Add to cart,Save to list
$6.50,$1.44 / 100G,Nanna's Frozen Blackberry & Apple Pies 450g 4 pack,4.6,/,47,Add to cart,Save to list
$6.50,$0.65 / 100G,Pampas Puff Pastry Reduced Fat 1kg,4.2,/,23,Add to cart,Save to list
SAVE $1.50,$7.50,$9.00 - $1.88 / 100G,Sambazon Acai Fruit Puree Packs Original Blend 100g x 4 pack,Add to cart,Save to list
SAVE $2.60,$3.90,$6.50 - $1.30 / 100G,Weight Watchers Chicken & Mushroom Fettuccine 300g,Add to cart,Save to list
$7.00,$11.67 / 1KG,Birds Eye Deli Seasoned Sides Davidson Plum & Ginger 600g,Promoted,Add to cart,Save to list
$13.50,$3.55 / 100ML,Haagen-Dazs Ice Cream Classic Collection 95mL x 4 pack,Promoted,Add to cart,Save to list
SAVE $1.80,$4.20,$6.00 - $5.60 / 1KG,McCain Pub Style Potato Wedges 750g,4.7,/,46, Promoted,Add to cart,Save to list
$9.00,$1.50 / 100G,Marathon Puffy Dogs 600g,4.5,/,38, Promoted,Add to cart,Save to list
SAVE $4.50,$4.50,$9.00 - $0.73 / 100ML,Bulla Mint Vanilla Chocolate Bar Sticks 8 Pack,Add to cart,Save to list
$12.00,$1.20 / 100ML,Connoisseur Ice Cream Caramel Honey Macadamia 1l Tub,4.7,/,49,Add to cart,Save to list
EVERYDAY LOW PRICE,$16.50,$11.00 / 1KG,Ingham's Chicken Nuggets Original 1.5kg,Add to cart,Save to list
LOWER AUTUMN PRICE,$7.50,$2.78 / 100ML,RANGE WAS $10 - 25/02/2025,Magnum Dairy Free Frozen Dessert Sticks Classic 90ml x 3 Pack,4.9,/,87,Add to cart,Save to list
LOWER AUTUMN PRICE,$6.50,$2.03 / 100G,RANGE WAS $7.50 - 25/02/2025,McCain Lamb Cutlet & Gravy Frozen 320g,3.7,/,30,Add to cart,Save to list
EVERYDAY LOW PRICE,$6.50,$0.36 / 100ML,Peters Light & Creamy Choc Caramel & Vanilla Swirl Ice Cream 1.8l,4.7,/,34,Add to cart,Save to list
SAVE $3.15,$7.50,$10.65 - $21.43 / 1KG,Ingham's Free Range Chicken Tenderloins Sweet Chilli Frozen 350g,4.6,/,31,Add to cart,Save to list
$7.80,$2.05 / 100G,McCain Lil Pizzas Snacks Cheesy Margherita 4 Pack,Add to cart,Save to list
EVERYDAY LOW PRICE,$6.00,$16.67 / 1KG,Steggles Chicken Breast Burgers Southern Style 360g,3.7,/,16,Add to cart,Save to list
$5.80,$7.73 / 1KG,McCain Air Fryer Steak Cut 750g,Add to cart,Save to list
LOWER AUTUMN PRICE,$6.50,$2.03 / 100G,RANGE WAS $7.50 - 25/02/2025,McCain Dinner Veal Cordon Bleu Frozen Meal 320g,4.0,/,36,Add to cart,Save to list
SAVE $4.25,$4.25,$8.50 - $1.52 / 100G,Bibigo Mandu Korean BBQ Flavoured Dumplings 280g,2.0,/,1,Add to cart,Save to list
$17.00,$1.13 / 100ML,Cadbury Freddo Cake 1.5l,4.8,/,47,Add to cart,Save to list
SAVE $4.50,$4.50,$9.00 - $0.60 / 100ML,Bulla Splits Ice Cream Wildberry Orange Tropical 10 Pack,4.7,/,48,Add to cart,Save to list
$7.50,$3.26 / 100G,McCain Pickers Jalapeno Cheese Nuggets 230g,Add to cart,Save to list
$6.70,$11.17 / 1KG,Potato Utopia Duck Fat Roast Potatoes 600g,Add to cart,Save to list
$9.00,$30.00 / 1KG,Woolworths Chicken Breast Bites Original 300g,4.2,/,299,Add to cart,Save to list
$12.00,$1.20 / 100ML,Connoisseur Ice Cream Cafe Grande 1l Tub,4.8,/,83,Add to cart,Save to list
$13.50,$3.55 / 100ML,Haagen-Dazs Little Cups Signature Collection Ice Cream Cups 95mL x 4 pack,Promoted,Add to cart,Save to list
$7.00,$11.67 / 1KG,Birds Eye Deli Seasoned Sides Garlic Butter Style & Parsley 600g,Promoted,Add to cart,Save to list
EVERYDAY LOW PRICE,$4.30,$4.78 / 1KG,McCain Superfries Shoestring 900g,4.6,/,171, Promoted,Add to cart,Save to list
SAVE $1.80,$4.20,$6.00 - $5.60 / 1KG,McCain Pub Style Extra Crispy Chips 750g,4.8,/,5, Promoted,Add to cart,Save to list
$12.95,$3.60 / 100G,Fropro Protein Pizza Slices BBQ Chicken 2 Pack,Add to cart,Save to list
$13.50,$2.95 / 100ML,Haagen-Dazs Ice Cream Cookie Dough Chip 457mL,4.6,/,15,Add to cart,Save to list
$6.00,$1.50 / 100G,On The Menu Three Cheese Angus Beef Lasagne 400g,Add to cart,Save to list
$13.50,$2.95 / 100ML,Haagen-Dazs Ice Cream Macadamia Nut Brittle 457mL,Add to cart,Save to list
EVERYDAY LOW PRICE,$6.00,$0.30 / 100ML,Norco Caramel Choc Honeycomb Frozen Dessert 2l,Add to cart,Save to list
$7.00,$0.70 / 100G,Pampas Shortcrust Pastry 5 Sheets 1kg,4.7,/,28,Add to cart,Save to list
SAVE $3.00,$9.00,$12.00 - $21.18 / 1KG,Birds Eye Oven Bake Fish Lightly Battered 425g,4.3,/,125,Add to cart,Save to list
$7.50,$2.50 / 100G,Quorn Pieces Frozen 300g,Add to cart,Save to list
$13.50,$3.55 / 100ML,Haagen-Dazs Ice Cream Fruit Collection 95mL x 4 pack,Add to cart,Save to list
$7.00,$1.87 / 100G,"Lean Cuisine Chicken, Cheese & Pepper Pasta Frozen Meal 375g",4.0,/,1,Add to cart,Save to list
$7.50,$16.67 / 1KG,Oob Organic Frozen Sliced Banana 450g,4.5,/,6,Add to cart,Save to list
SAVE $1.50,$6.50,$8.00 - $2.17 / 100ML,Paddle Pop Twister Ice Confection Mini Pineapple 50mL x 6 pack,Add to cart,Save to list
$5.00,$1.18 / 100ML,Woolworths Almond Ice Cream Sticks 4 Pack,4.4,/,682,Add to cart,Save to list
EST. RESTOCK 08/04/25,Dr. Oetker Ristorante Pizza Quattro Formaggi 340g,4.6,/,49,View similar,products,             to Dr. Oetker Ristorante Pizza Quattro Formaggi 340g,Save to list
$12.00,$1.82 / 100G,Golden Wok Asian Mini Dim Sims 660g,4.3,/,70,Add to cart,Save to list
$6.70,$9.57 / 1KG,Potato Utopia Rustic Skin On Fries 700g,Add to cart,Save to list
$7.00,$9.33 / 1KG,Birds Eye Golden Crunch Sidewinders Twisty Potato Chips 750g,Promoted,Add to cart,Save to list
$12.50,$50.00 / 1KG,Birds Eye Air Baked Barramundi Crumbed Fish 250g,Promoted,Add to cart,Save to list
$7.00,$11.67 / 1KG,Birds Eye Deli Roast Vegetables Potato Pumpkin Red Onion & Carrot 600g,4.0,/,66, Promoted,Add to cart,Save to list
$13.00,$23.64 / 1KG,Tegel Take Outs Extra Crunchy Chicken Burgers 550g,4.8,/,13, Promoted,Add to cart,Save to list
$12.00,$2.80 / 100ML,2 FOR $16.00 - $1.87/100ML,Magnum Peppermint Frozen Dessert Sticks 4 Pack,4.5,/,26,Add to cart,Save to list
EST. RESTOCK 06/04/25,McCain Rustica Sourdough Frozen Pizza Supreme 450g,View similar,products,             to McCain Rustica Sourdough Frozen Pizza Supreme 450g,Save to list
$6.80,$2.52 / 100G,Linda Mccartney's Sausages 270g,4.1,/,195,Add to cart,Save to list
$5.00,$1.18 / 100ML,Woolworths Vanilla Ice Cream Sticks 4 Pack,4.3,/,558,Add to cart,Save to list
$8.50,$2.83 / 100G,Hong Kong Dim Sim Kitchen Prawn Dumplings 300g,1.0,/,1,Add to cart,Save to list
SAVE $2.90,$5.00,$7.90 - $1.43 / 100G,Ruffie Rustic Foods Hearty Wholemeal Lasagne 350g,Add to cart,Save to list
$7.00,$2.12 / 100G,Lean Cuisine Veg'd Up Classics Spinach & Ricotta Cannelloni 330g,Add to cart,Save to list
SAVE $2.00,$5.00,$7.00 - $6.67 / 1KG,Strong Roots Crispy Skinny Fries 750g,Add to cart,Save to list
$7.00,$11.67 / 1KG,Birds Eye Deli Seasoned Sides Garlic Butter Style Green Beans 600g,Add to cart,Save to list
$10.00,$1.00 / 100ML,Hershey's Cookies 'N' Creme Tub 1L,Add to cart,Save to list
$9.90,$9.90 / 1KG,LiveMore Mango Chunks 1kg 1kg,4.1,/,126,Add to cart,Save to list
$8.50,$3.70 / 100G,Golden Wok Diana Chan Korean Beef Dumpling 230g,4.6,/,24,Add to cart,Save to list
SAVE $2.00,$6.50,$8.50 - $1.63 / 100G,McCain Pizza Pocket Snacks Hawaiian 4 Pack,3.4,/,55,Add to cart,Save to list
SAVE $1.00,$5.50,$6.50 - $1.28 / 100G,Street Foodie Cocktails Spring Rolls 430g,Add to cart,Save to list
$4.00,$1.07 / 100G,3 FOR $10.95 - $0.97/100G,Woolworths Tuna Pasta With Veggies Frozen Meal 375g,3.0,/,137,Add to cart,Save to list
$10.50,$21.88 / 1KG,Sealord Hoki Fillets Classic Crumb 480g,4.8,/,57,Add to cart,Save to list
SAVE $1.50,$6.50,$8.00 - $1.35 / 100ML,Twisted Minis Frozen Yoghurt Dessert Assorted 4 pack,4.0,/,5,Add to cart,Save to list
$16.00,$32.00 / 1KG,Woolworths Raw Peeled & Deveined Prawns 500g,2.0,/,1,Add to cart,Save to list
$14.00,$28.00 / 1KG,Tegel Take Outs Louisiana Style Chicken Tenders 500g,4.7,/,3, Promoted,Add to cart,Save to list
$7.00,$9.33 / 1KG,Birds Eye Golden Crunch Lattice Potato Chips Criss Cross French Fries 750g,1.0,/,1, Promoted,Add to cart,Save to list
EVERYDAY LOW PRICE,$4.30,$4.78 / 1KG,McCain Superfries Steak Cut 900g,4.4,/,73, Promoted,Add to cart,Save to list
SAVE $4.50,$4.50,$9.00 - $0.71 / 100ML,Bulla Crunch Ice Cream Orange Mint Vanilla 8 Pack,4.7,/,44,Add to cart,Save to list
$8.00,$22.22 / 1KG,I&J Salt & Pepper Calamari Rings Lightly Crumbed 360g,3.9,/,13,Add to cart,Save to list
$6.50,$1.08 / 100G,Nanna's Frozen Family Apple Pie 600g,4.8,/,22,Add to cart,Save to list
SAVE $2.40,$9.60,$12.00 - $1.37 / 100G,Four'N Twenty Red Rooster Chicken & Gravy Pies 4 pack,Add to cart,Save to list
$9.50,$2.38 / 100G,Herbert Adams Pies Chunky Slow Cooked Beef & Mush 2 Pack,4.6,/,53,Add to cart,Save to list
$11.50,$3.19 / 100ML,KitKat Frozen Dessert Sticks 4 Pack,3.0,/,1,Add to cart,Save to list
EVERYDAY LOW PRICE,$15.00,$1.00 / 100ML,Bulla Rainbow Ice Cream Cake 1.5l,4.5,/,26,Add to cart,Save to list
SAVE $2.15,$8.50,$10.65 - $3.15 / 100ML,Lotus Biscoff Milk Chocolate Ice Cream Sticks 3 Pack,Add to cart,Save to list
EVERYDAY LOW PRICE,$5.00,$5.56 / 1KG,Woolworths Crispy Crinkle Cut Chips 900g,4.5,/,160,Add to cart,Save to list
$7.50,$3.26 / 100G,McCain Pickers Mozzarella Mini Sticks Italian Herb 230g,Add to cart,Save to list
$10.00,$2.11 / 100ML,Twisted Protein Frozen Dessert Butter Caramel Cookie 475ml,5.0,/,1,Add to cart,Save to list
$11.50,$2.05 / 100ML,Peters Maxibon Honeycomb 4 Pack,Add to cart,Save to list
$6.50,$1.08 / 100G,Della Rosa Bbq Bacon & Cheese Pizza Subs 2 Pack,Add to cart,Save to list
EVERYDAY LOW PRICE,$3.90,$1.95 / 100G,Annabel Karmel Little Meals Mediterranean Meatballs 200g,Add to cart,Save to list
EVERYDAY LOW PRICE,$3.25,$1.18 / 100G,Double Merino Pastry Gow Gee 275g,Add to cart,Save to list
$10.00,$2.11 / 100ML,Twisted Protein Frozen Dessert Double Choc Fudge 475ml,Add to cart,Save to list
SAVE $1.50,$8.50,$10.00 - $2.36 / 100ML,Violet Crumble Honeycomb Ice Cream 4 Pack,Add to cart,Save to list
$12.00,$3.33 / 100ML,Kinder Bueno White Frozen Dessert Cones 4 pack,Add to cart,Save to list
SAVE $2.00,$5.00,$7.00 - $10.00 / 1KG,Strong Roots Oven Baked Sweet Potato Fries 500g,5.0,/,1, Promoted,Add to cart,Save to list
$9.00,$0.90 / 100ML,Juicies Tropical Frozen 10 Pack,5.0,/,1, Promoted,Add to cart,Save to list
$6.00,$10.00 / 1KG,Birds Eye Deli French Fries Garlic Herb & Lemon 600g,4.8,/,71, Promoted,Add to cart,Save to list
$13.00,$21.67 / 1KG,Tegel Take Outs Flame Grilled Chicken Steaks 600g,5.0,/,1, Promoted,Add to cart,Save to list
$14.00,$28.00 / 1KG,Tegel Take Outs Nashville Style Chicken Tenders 500g,Promoted,Add to cart,Save to list
SAVE $2.55,$5.95,$8.50 - $1.25 / 100G,Sara Lee Sticky Date Pudding 475g,4.6,/,63,Add to cart,Save to list
$8.00,$25.00 / 1KG,I&J Original Fish Tenders Crumbed With Real Fillets 320g,Add to cart,Save to list
SAVE $3.00,$7.00,$10.00 - $3.65 / 100G,Little Moons Honey Roasted Pistachio Mochi Bites 6 Pack,3.9,/,622,Add to cart,Save to list
SAVE $0.50,$6.50,$7.00 - $13.00 / 1KG,Jase's Kitchen Crumbed Zucchini Wedges 500g,Add to cart,Save to list
$14.00,$17.50 / 1KG,Just Caught Salt & Pepper Squid 800g,5.0,/,1,Add to cart,Save to list
SAVE $4.25,$4.25,$8.50 - $0.94 / 100ML,Proud & Punch Coconuts For Mango 6 Pack,4.8,/,20,Add to cart,Save to list
$10.00,$2.50 / 100ML,Streets Golden Gaytime Plant Based 4 Pack,Add to cart,Save to list
$9.00,$1.29 / 100G,Four'N Twenty Butter Chicken Pies 4 Pack,Add to cart,Save to list
SAVE $2.00,$7.70,$9.70 - $1.54 / 100G,Patties Party Pasties Party 12 Pack,3.0,/,2,Add to cart,Save to list
$12.00,$1.20 / 100ML,Connoisseur Ice Cream Chocolate Brownie 1l Tub,4.9,/,38,Add to cart,Save to list
$12.00,$2.73 / 100ML,Magnum Ice Cream Tub Classic 440 Ml,4.6,/,33,Add to cart,Save to list
SAVE $2.90,$5.00,$7.90 - $1.43 / 100G,Ruffie Rustic Foods Satay Nut Chicken With Wild Rice Blend 350g,Add to cart,Save to list
SAVE $1.70,$6.80,$8.50 - $1.81 / 100G,Sara Lee Chocolate Swirl Bavarian 375g,4.6,/,16,Add to cart,Save to list
EVERYDAY LOW PRICE,$4.80,$1.07 / 100G,Woolworths Chocolate Bavarian 450g,4.2,/,1217,Add to cart,Save to list
$20.00,$22.47 / 1KG,Birds Eye Air Baked Southern Blue Whiting Crumbed Fish 890g,Promoted,Add to cart,Save to list
$13.50,$2.95 / 100ML,Haagen-Dazs Ice Cream Belgian Chocolate 457mL,Promoted,Add to cart,Save to list
$15.00,$30.00 / 1KG,Ocean Chef Peeled Tail Off & Deveined Raw Prawns 500g,Add to cart,Save to list
$12.50,$32.89 / 1KG,Birds Eye Air Baked Deep Sea Dory Crumbed Fish 380g,Add to cart,Save to list
$9.50,$2.38 / 100G,"Herbert Adams Slow Cooked Beef, Caramelised Onion & Cabernet Sauvignon 2 Pack",4.5,/,35,Add to cart,Save to list
$9.50,$1.90 / 100G,McCain Pub Size Spaghetti & Meatballs Frozen Meal 500g,4.3,/,25,Add to cart,Save to list
$21.00,$21.00 / 1KG,Ocean Chef South American Flathead Fillets 1kg,Add to cart,Save to list
EVERYDAY LOW PRICE,$6.50,$0.36 / 100ML,Peters Light & Creamy Raspberry Ripple Ice Cream 1.8l,4.8,/,30,Add to cart,Save to list
EVERYDAY LOW PRICE,$5.00,$1.25 / 100G,Woolworths Caramelised Onion Slow Braised Beef Pies 2 Pack,3.9,/,518,Add to cart,Save to list
SAVE $3.15,$7.50,$10.65 - $25.00 / 1KG,Ingham's Free Range Chicken Breast Ciabatta Parsley Crumb Frozen 300g,4.6,/,26,Add to cart,Save to list
SAVE $2.50,$6.50,$9.00 - $0.65 / 100ML,Golden North Lemon Sorbet 1l,Add to cart,Save to list
SAVE $1.60,$4.90,$6.50 - $1.88 / 100G,Jase's Kitchen Gluten Free Spinach & Ricotta Rolls 2 Pack,4.7,/,12,Add to cart,Save to list
SAVE $2.90,$5.00,$7.90 - $1.43 / 100G,Ruffie Rustic Foods Butter Chicken Fusion With Ancient Grains 350g,Add to cart,Save to list
SAVE $1.50,$7.50,$9.00 - $25.00 / 1KG,Sealord Fish Of The Day Whiting Tempura Batter Fillets 4 Pack,Add to cart,Save to list
SAVE $3.00,$7.00,$10.00 - $3.65 / 100G,Little Moons Golden Blond Chocolate Mochi Bites 6 Pack,Add to cart,Save to list
SAVE $1.50,$7.00,$8.50 - $2.33 / 100G,Mr Chen's Pork & Chive Dumplings 300g,4.4,/,41,Add to cart,Save to list
$10.00,$1.43 / 100G,Mrs Mac's Pies Beef 4 pack,4.6,/,5,Add to cart,Save to list
SAVE $3.00,$6.50,$9.50 - $2.46 / 100ML,Weis Mini Ice Cream & Fruit Bar Mango 6 x 44mL,Add to cart,Save to list
$5.50,$15.28 / 1KG,Blueline Seafood Salt & Pepper Squid 360g,Add to cart,Save to list
EVERYDAY LOW PRICE,$5.70,$6.91 / 1KG,Birds Eye Australian Grown Baby Peas 825g,Promoted,Add to cart,Save to list
SAVE $0.90,$2.60,$3.50 - $1.86 / 100G,Mrs Mac's Microwave Spinach & 140g,Promoted,Add to cart,Save to list
$9.00,$0.90 / 100ML,Juicies Wildberry 10 Pack,Promoted,Add to cart,Save to list
$9.00,$30.00 / 1KG,Sealord Hoki Parmesan & Rosemary Ciabatta 150g x 2 pack,Add to cart,Save to list
$7.00,$16.47 / 1KG,I&J Australian Hoki Fish Lemon Crumb 425g,Add to cart,Save to list
SAVE $6.00,$6.00,$12.00 - $1.50 / 100G,Coco Earth Butter Chicken 400g,Add to cart,Save to list
SAVE $3.50,$8.50,$12.00 - $2.36 / 100ML,Connoisseur Minis Salted Caramel & Macadamia 6 Pack,4.6,/,28,Add to cart,Save to list
$10.50,$23.33 / 1KG,Sealord Hoki Fillets Tempura Battered 450g,4.4,/,28,Add to cart,Save to list
SAVE $2.00,$8.00,$10.00 - $0.80 / 100ML,Weis Sorbet Tub Mango 1L,4.9,/,40,Add to cart,Save to list
$12.00,$1.20 / 100ML,Connoisseur Gourmet Ice Cream Salted Caramel 1L,Add to cart,Save to list
$12.00,$1.20 / 100ML,Connoisseur Ice Cream Raspberry White Chocolate Tub 1l,4.6,/,37,Add to cart,Save to list
$6.50,$0.65 / 100G,Pampas Puff Pastry 6 Sheets 1kg,4.7,/,68, Promoted,Add to cart,Save to list
SAVE $0.90,$2.60,$3.50 - $1.49 / 100G,Mrs Mac's Microwave Beef Pie Frozen 175g,5.0,/,3, Promoted,Add to cart,Save to list
$13.50,$2.95 / 100ML,Haagen-Dazs Ice Cream Vanilla 457mL,4.7,/,17, Promoted,Add to cart,Save to list
NEW,$13.50,$2.95 / 100ML,Haagen-Dazs Coffee Ice Cream 457mL,Add to cart,Save to list
SAVE $3.00,$7.00,$10.00 - $3.65 / 100G,Little Moons Mochi Bites Strawberries & Cream 6 Pack,Add to cart,Save to list
$12.00,$1.20 / 100ML,Connoisseur Baked Choc Chip Cookie Chocolate Fudge 1l,5.0,/,1,Add to cart,Save to list
$10.00,$1.00 / 100ML,Hershey's Chocolate Ripple Tub 1L,5.0,/,1,Add to cart,Save to list
$8.00,$1.60 / 100G,On The Menu Big Feast BBQ Meatballs With Spicy Rice Frozen Meal 500g,5.0,/,3,Add to cart,Save to list
$5.80,$2.58 / 100G,3 FOR $15.00 - $2.22/100G,Woolworths Cheese & Bacon Triangles 9 Pack 225g,3.8,/,463,Add to cart,Save to list
$7.00,$11.67 / 1KG,Birds Eye Seasoned Sides Potato Broccoli Onion Carrots Parsley 600g,Add to cart,Save to list
EST. RESTOCK 06/04/25,Bulla Creamy Classics Salted Caramel & Vanilla 2L,Add to cart,Save to list
$6.00,$1.50 / 100G,On The Menu Butter Chicken 400g,Add to cart,Save to list
$9.00,$30.00 / 1KG,Woolworths Chicken Breast Bites Southern Style 300g,4.2,/,227,Add to cart,Save to list
$7.00,$11.67 / 1KG,Birds Eye Seasoned Sides Sweet Potato Capsicum Beans Onion Parsley 600g,1.0,/,1,Add to cart,Save to list
SAVE $2.10,$3.80,$5.90 - $1.19 / 100G,Haldiram's Gluten Free Tandoori Naan 4 Pack,Add to cart,Save to list
$8.50,$1.77 / 100G,Hong Kong Dim Sim Kitchen Pork Dim Sims 480g,5.0,/,1,Add to cart,Save to list
$8.00,$1.67 / 100G,On The Menu Chicken Parmigiana With Cheesy Chips & Veg 480g,Add to cart,Save to list
$10.00,$2.08 / 100G,McCain Pub Size Crumbed Lamb 480g,5.0,/,1,Add to cart,Save to list
$7.50,$2.68 / 100G,Quorn Vegan Nuggets 280g,Add to cart,Save to list
$7.00,$11.67 / 1KG,Birds Eye Deli Seasoned Sides Garlic Butter Style & Parsley 600g,Promoted,Add to cart,Save to list
EVERYDAY LOW PRICE,$4.30,$4.78 / 1KG,McCain Superfries Shoestring 900g,4.6,/,171, Promoted,Add to cart,Save to list
SAVE $1.80,$4.20,$6.00 - $5.60 / 1KG,McCain Pub Style Extra Crispy Chips 750g,4.8,/,5, Promoted,Add to cart,Save to list
$7.00,$2.80 / 100G,Woolworths Goats Cheese And Onion Arancini 10 Pack 250g,4.2,/,425,Add to cart,Save to list
SAVE $3.50,$8.50,$12.00 - $2.13 / 100ML,Connoisseur Salted Caramel & Macadamia Ice Cream 4 Pack,Add to cart,Save to list
$9.50,$2.97 / 100ML,Twisted Licks Choc Mint Dipped 4 pack,5.0,/,1,Add to cart,Save to list
$8.00,$1.23 / 100ML,Viennetta Vanilla Frozen Dessert Cake 650ml,4.0,/,39,Add to cart,Save to list
$9.00,$30.00 / 1KG,Woolworths Chicken Breast Bites Karaage 300g,4.1,/,255,Add to cart,Save to list
$12.00,$1.20 / 100ML,Connoisseur Ice Cream Vanilla Caramel Brownie 1l,4.6,/,27,Add to cart,Save to list
$7.00,$11.67 / 1KG,Birds Eye Deli Seasoned Sides Davidson Plum & Ginger 600g,Promoted,Add to cart,Save to list
$13.50,$3.55 / 100ML,Haagen-Dazs Ice Cream Classic Collection 95mL x 4 pack,Promoted,Add to cart,Save to list
SAVE $1.80,$4.20,$6.00 - $5.60 / 1KG,McCain Pub Style Potato Wedges 750g,4.7,/,46, Promoted,Add to cart,Save to list
$9.00,$1.50 / 100G,Marathon Puffy Dogs 600g,4.5,/,38, Promoted,Add to cart,Save to list
$12.00,$1.20 / 100ML,Connoisseur Mint With Cookies Ice Cream Tub 1l,3.8,/,32,Add to cart,Save to list
$5.50,$2.70 / 100G,Ho Mai Sesame Prawn Toast 204g,Add to cart,Save to list
SAVE $1.80,$5.00,$6.80 - $2.20 / 100G,Linda Mccartney's Veg Mozzarella Burger 2 Pack,4.4,/,443,Add to cart,Save to list
LOWER AUTUMN PRICE,$8.50,$2.43 / 100G,RANGE WAS $9.50 - 25/02/2025,Strength Meals Co High Protein Italian Pork Pasta Meal 350g,3.0,/,273,Add to cart,Save to list
OUT OF STOCK,Fropro Pepperoni Protein Pizza Slices 180g x 2 Pack,View similar,products,             to Fropro Pepperoni Protein Pizza Slices 180g x 2 Pack,Save to list
LOWER AUTUMN PRICE,$8.50,$2.43 / 100G,RANGE WAS $9.50 - 25/02/2025,Strength Meals Co Calorie Conscious Chicken & Mushroom Risotto 350g,Add to cart,Save to list
SAVE $8.00,$8.00,$16.00 - $26.67 / 1KG,Better Choice Fisheries Australian Raw Royal Red Prawn Meat 300g,Add to cart,Save to list
SAVE $2.00,$4.50,$6.50 - $9.00 / 1KG,McCain Pub Style Crispy Cauliflower Fries 500g,Add to cart,Save to list
$12.00,$4.29 / 100ML,Ferrero Rocher Frozen Dessert Classic 4 Pack,Add to cart,Save to list
$8.00,$1.47 / 100ML,Peters Twin Pole Lemon Lime 8 Pack,Add to cart,Save to list
$7.50,$3.95 / 100G,Quorn Meat-Free Chicken Fillet Burgers 190g,Add to cart,Save to list
$9.50,$0.95 / 100ML,Sanitarium So Good Choc Bliss Frozen Dessert 1l,4.4,/,16,Add to cart,Save to list
SAVE $4.50,$10.00,$14.50 - $2.18 / 100ML,Ben & Jerry's Ice Cream Tub Chocolate Fudge Brownie 458ml,4.7,/,30,Add to cart,Save to list
$8.00,$2.29 / 100G,Coco & Lucas' Spaghetti Meatballs Gluten Free 350g,Add to cart,Save to list
$12.00,$2.80 / 100ML,2 FOR $16.00 - $1.87/100ML,Magnum Honeycomb Crunch Frozen Dessert Sticks 4 Pack,4.7,/,20,Add to cart,Save to list
$10.00,$0.83 / 100G,Marathon Chicken Dim Sims 1.2kg,1.0,/,1,Add to cart,Save to list
$7.50,$1.88 / 100G,Sara Lee Blueberry Danish 400g,4.4,/,31,Add to cart,Save to list
SAVE $2.00,$7.00,$9.00 - $17.50 / 1KG,Sealord Hoki Classic Crumb Bites 400g,Add to cart,Save to list
$12.00,$0.80 / 100G,Marathon Dim Sims 1.5kg,4.7,/,118, Promoted,Add to cart,Save to list
$6.70,$1.02 / 100G,Marathon Spring Rolls 660g,Promoted,Add to cart,Save to list
$14.00,$23.33 / 1KG,Tegel Take Outs Louisiana Style Chicken Burgers 600g,4.8,/,6, Promoted,Add to cart,Save to list
$9.00,$2.81 / 100G,Dineamic Butter Chicken With Turmeric Rice & Currants 320g,Add to cart,Save to list
EVERYDAY LOW PRICE,$14.00,$14.00 / 1KG,I&J New Zealand Hoki Fish Original Crumb 1kg,4.0,/,1,Add to cart,Save to list
$7.50,$3.26 / 100G,McCain Pickers Nacho Cheese Triangles 230g,Add to cart,Save to list
NEW,$12.00,$4.00 / 100ML,Cadbury Dairy Milk Minis Caramello 6 pack,Add to cart,Save to list
SAVE $3.00,$14.00,$17.00 - $1.40 / 100G,Golden Wok Australia Gyoza Pork 1kg,Add to cart,Save to list
SAVE $2.90,$5.00,$7.90 - $1.43 / 100G,Ruffie Rustic Foods Coconut Chickpea Curry 350g,Add to cart,Save to list
$7.00,$11.67 / 1KG,Birds Eye Deli Seasoned Sides Garlic Butter Style Green Beans 600g,Promoted,Add to cart,Save to list
$7.00,$14.00 / 1KG,Birds Eye Deli Seasoned Sides Garlic Herb Broccoli 500g,Promoted,Add to cart,Save to list
$7.50,$15.00 / 1KG,Lamb Weston Mini Potato Cakes Scallops Original 500g,Promoted,Add to cart,Save to list
EVERYDAY LOW PRICE,$4.30,$4.78 / 1KG,McCain Superfries Crinkle Cut 900g,4.3,/,149, Promoted,Add to cart,Save to list
EVERYDAY LOW PRICE,$5.50,$1.53 / 100ML,Woolworths Mini Chocolate Vanilla Ice Cream 6 pack,4.4,/,364,Add to cart,Save to list
$11.00,$2.93 / 100G,Careme All Butter Puff Pastry Sheet 375g,Add to cart,Save to list
SAVE $2.00,$8.00,$10.00 - $0.80 / 100ML,Norco Cape Byron Ice Cream Tub Ultimate Vanilla 1L,Add to cart,Save to list
$9.50,$1.98 / 100G,McCain Pub Size Rich Beef Meatballs Frozen Meal 480g,Add to cart,Save to list
$10.00,$1.32 / 100G,Mrs Mac's Potato Top Beef Pies 4 Pack,3.3,/,3,Add to cart,Save to list
$8.00,$1.67 / 100G,On The Menu Big Feast Beef Cutlet With Mash Frozen Meal 480g,Add to cart,Save to list
$11.50,$2.05 / 100ML,Peters Maxibon Caramel Rough Nut Ice Cream 4 Pack,Add to cart,Save to list
$8.50,$2.05 / 100G,Sara Lee Tiramisu 415g,4.6,/,32,Add to cart,Save to list
EVERYDAY LOW PRICE,$11.50,$0.29 / 100ML,Bulla Real Dairy Chocolate & Vanilla Tub 4l,Add to cart,Save to list
$9.50,$1.81 / 100G,Bibigo Mandu Pork Dumplings 525g,Add to cart,Save to list
$8.00,$2.29 / 100G,Coco & Lucas' Green Chicken Curry Gluten Free 350g,Add to cart,Save to list
SAVE $3.00,$7.00,$10.00 - $3.65 / 100G,Little Moons Belgian Chocolate & Hazelnut Frozen Mochi Bites 6 Pack,3.7,/,672,Add to cart,Save to list
$11.50,$2.42 / 100ML,Oreo Frozen Dessert Cones 4 Pack,4.3,/,14,Add to cart,Save to list
$10.00,$40.00 / 1KG,Birds Eye Deli New Zealand Whiting Fillets Salt & Pepper Crumb 250g,4.4,/,19,Add to cart,Save to list
SAVE $2.50,$6.50,$9.00 - $1.78 / 100G,Dr. Oetker Ristorante Pizza Funghi 365g,Add to cart,Save to list
SAVE $1.00,$8.00,$9.00 - $2.35 / 100G,Gluten Free Bakehouse Gluten Free Chicken & Leek Pies 2 Pack,Add to cart,Save to list
$6.50,$2.71 / 100G,Naked Rivals 100% Lemon Juice Frozen 12 pack,Add to cart,Save to list
EVERYDAY LOW PRICE,$4.30,$4.78 / 1KG,McCain Superfries Straight Cut 900g,4.2,/,71, Promoted,Add to cart,Save to list
$14.00,$28.00 / 1KG,Tegel Take Outs Louisiana Style Chicken Tenders 500g,4.7,/,3, Promoted,Add to cart,Save to list
$5.80,$2.90 / 100G,3 FOR $15.00 - $2.50/100G,Woolworths Herb Crumbed Mozzarella Balls 8 Pack 200g,3.8,/,521,Add to cart,Save to list
SAVE $3.50,$8.50,$12.00 - $2.36 / 100ML,Connoisseur Gourmet Ice Cream Mini Cookies & Cream Sticks 6 Pack,3.0,/,1,Add to cart,Save to list
SAVE $1.00,$8.00,$9.00 - $2.29 / 100G,Fitness Outcomes Beef Rendang With Brown Rice & Green Beans 350g,Add to cart,Save to list
$12.00,$12.00 / 1KG,Just Caught Whiting Fillets Skin On 1kg,2.0,/,1,Add to cart,Save to list
LOWER AUTUMN PRICE,$10.40,$2.08 / 100G,WAS $13 - 25/02/2025,Mr Chen's Prawn Gyoza Dumplings 500g,Add to cart,Save to list
SAVE $3.00,$27.00,$30.00 - $27.00 / 1KG,Ocean Chef Fish King Snapper Portions 1kg,Add to cart,Save to list
$9.50,$2.00 / 100ML,Peters Drumstick Plant Based Classic Vanilla Cones 4 Pack,Add to cart,Save to list
SAVE $1.50,$8.50,$10.00 - $1.63 / 100ML,Bulla Creamy Classics Cones Vanilla Fudge 4 Pack,Add to cart,Save to list
$6.50,$2.32 / 100G,Gluten Free Bakehouse Tasty Cheese & Bacon Quiche 2 Pack,Add to cart,Save to list
SAVE $2.50,$6.50,$9.00 - $0.65 / 100ML,Golden North Mango Sorbet 1l,Add to cart,Save to list
SAVE $4.50,$9.50,$14.00 - $15.83 / 1KG,Ingham's Spicy Buttermilk Chicken Burgers 600g,Add to cart,Save to list
SAVE $3.50,$6.50,$10.00 - $0.54 / 100ML,Oreo Tub 1.2l,4.0,/,11,Add to cart,Save to list
LOWER AUTUMN PRICE,$8.50,$2.43 / 100G,RANGE WAS $9.50 - 25/02/2025,Strength Meals Co Carb Clever Chicken Tikka Masala 350g,Add to cart,Save to list
SAVE $2.00,$5.00,$7.00 - $10.00 / 1KG,Strong Roots Oven Baked Sweet Potato Fries 500g,5.0,/,1, Promoted,Add to cart,Save to list
$9.00,$0.90 / 100ML,Juicies Tropical Frozen 10 Pack,5.0,/,1, Promoted,Add to cart,Save to list
$6.00,$10.00 / 1KG,Birds Eye Deli French Fries Garlic Herb & Lemon 600g,4.8,/,71, Promoted,Add to cart,Save to list
$13.00,$21.67 / 1KG,Tegel Take Outs Flame Grilled Chicken Steaks 600g,5.0,/,1, Promoted,Add to cart,Save to list
EVERYDAY LOW PRICE,$11.00,$5.50 / 1KG,Birds Eye Australian Garden Mix Broccoli Carrots Green Beans Capsicum 2kg,Add to cart,Save to list
$14.00,$17.50 / 1KG,Just Caught Crumbed Squid Rings 800g,Add to cart,Save to list
$10.00,$35.71 / 1KG,Ocean Chef Salmon Parcels In Leek & Cheese Sauce 280g,4.0,/,74,Add to cart,Save to list
$8.00,$1.47 / 100ML,Peters Twin Pole Cola Spider 8 pack,Add to cart,Save to list
SAVE $1.00,$8.00,$9.00 - $2.29 / 100G,Fitness Outcomes Beef Cashew Korma With Brown Rice & Green Beans 350g,Add to cart,Save to list
SAVE $3.00,$7.00,$10.00 - $3.65 / 100G,Little Moons Mochi Bites Very Berry 6 pack,Add to cart,Save to list
EVERYDAY LOW PRICE,$4.90,$5.94 / 1KG,Birds Eye Australian Grown Garden Peas 825g,Promoted,Add to cart,Save to list
SAVE $2.00,$5.00,$7.00 - $14.29 / 1KG,Strong Roots Sweet Potato Hash Brown 350g,3.5,/,2, Promoted,Add to cart,Save to list
$9.50,$1.64 / 100G,Pie Society Meatless Classic Cottage Pies 2 Pack,Promoted,Add to cart,Save to list
$12.50,$32.89 / 1KG,Birds Eye Air Baked Southern Blue Whiting Crumbed Fish 380g,2.0,/,1, Promoted,Add to cart,Save to list
$11.00,$0.55 / 100ML,Much Moore Awesome Hokey Pokey Ice Cream Tub 2l,4.4,/,514,Add to cart,Save to list
EVERYDAY LOW PRICE,$10.00,$10.00 / 1KG,Woolworths Oven Roasted Southern Style Wing Nibbles 1kg,4.2,/,450,Add to cart,Save to list
$10.00,$44.44 / 1KG,Birds Eye Deli Salt & Pepper Prawn Cutlets 225g,Add to cart,Save to list
SAVE $1.40,$5.60,$7.00 - $1.75 / 100G,On The Menu Pub Favourites Beef Meatloaf 320g,Add to cart,Save to list
$7.50,$15.00 / 1KG,Lamb Weston Mini Potato Cakes Scallops Original 500g,Add to cart,Save to list
$10.00,$2.11 / 100ML,Twisted Protein Frozen Dessert Chocolate Brownie Batter 475mL,Add to cart,Save to list
SAVE $2.60,$3.90,$6.50 - $1.22 / 100G,Weight Watchers Coconut Chickpea Curry 320g,Add to cart,Save to list
$7.00,$11.67 / 1KG,Birds Eye Deli Seasoned Sides Garlic Butter Style & Parsley 600g,Add to cart,Save to list
$11.50,$2.05 / 100ML,Peters Maxibon Hedgehog Slice 4 pack,Add to cart,Save to list
$5.50,$0.92 / 100G,Barossa Pastry Co. Puff Pastry Sheets 2 pack 600g,Add to cart,Save to list
SAVE $2.85,$6.65,$9.50 - $1.66 / 100G,Garlo's Curry Beef Pies 2 pack,Add to cart,Save to list
SAVE $4.00,$4.00,$8.00 - $1.14 / 100G,Mr Chen's Prawn Gyoza Noodles 350g,4.3,/,4,Add to cart,Save to list
LOWER AUTUMN PRICE,$10.40,$1.73 / 100G,WAS $13 - 25/02/2025,Mr Chen's Vegetable Gyoza 600g,4.4,/,25,Add to cart,Save to list
SAVE $4.25,$4.25,$8.50 - $1.01 / 100ML,Proud & Punch Caramel Date Night Sticks 6 Pack,5.0,/,1,Add to cart,Save to list
$9.00,$30.00 / 1KG,Sealord Hoki Thai Lime & Coconut 150g x 2 pack,5.0,/,1,Add to cart,Save to list
$13.50,$2.95 / 100ML,Haagen-Dazs Ice Cream Salted Caramel 457mL,4.8,/,38, Promoted,Add to cart,Save to list
$9.40,$31.33 / 1KG,Sealord Gluten Free Hoki Fish Fillet Crumb 300g,4.4,/,58, Promoted,Add to cart,Save to list
SAVE $2.00,$5.00,$7.00 - $6.67 / 1KG,Strong Roots Crispy Skinny Fries 750g,Promoted,Add to cart,Save to list
$11.50,$2.40 / 100G,Gluten Free Bakehouse Party Pack 12 Pack,Add to cart,Save to list
$13.50,$3.55 / 100ML,Haagen-Dazs Ice Cream Classic Collection 95mL x 4 pack,Add to cart,Save to list
$12.00,$2.22 / 100G,Temptation Bakeries Cheesy Cauliflower Party Pies 12 Pack,Add to cart,Save to list
SAVE $3.00,$9.00,$12.00 - $21.18 / 1KG,Birds Eye Oven Bake Fish Lemon & Pepper Crumb 425g,4.6,/,46,Add to cart,Save to list
SAVE $4.00,$8.00,$12.00 - $0.80 / 100ML,Bulla Murray St Chocolate Fudge Ripple Ice Cream 1l,Add to cart,Save to list
SAVE $1.00,$8.00,$9.00 - $2.29 / 100G,Fitness Outcomes Beef Bolognese With Red Lentil Fusilli 350g,Add to cart,Save to list
$12.50,$32.89 / 1KG,Birds Eye Air Baked Deep Sea Dory Crumbed Fish 380g,Promoted,Add to cart,Save to list
$9.00,$30.00 / 1KG,Sealord Hoki Parmesan & Rosemary Ciabatta 150g x 2 pack,Promoted,Add to cart,Save to list
SAVE $2.00,$5.00,$7.00 - $7.69 / 1KG,Strong Roots Proper Chips 650g,Promoted,Add to cart,Save to list
$12.50,$50.00 / 1KG,Birds Eye Air Baked South American Flathead Crumbed Fish 250g,Promoted,Add to cart,Save to list
SAVE $2.00,$7.00,$9.00 - $2.00 / 100G,Quorn Meatfree Style Butter Chicken & Rice 350g,5.0,/,1,Add to cart,Save to list
SAVE $5.25,$5.25,$10.50 - $1.64 / 100G,bubbleme Bubble Tea Frozen Dessert Brown Sugar Sticks 4 Pack,Add to cart,Save to list
SAVE $3.50,$8.50,$12.00 - $2.13 / 100ML,Connoisseur Blood Orange & Chocolate Ice Cream 4 Pack,Add to cart,Save to list
$7.00,$1.87 / 100G,Lean Cuisine Malaysian Chicken Noodles 375g,Add to cart,Save to list
$6.00,$1.50 / 100G,"On The Menu Beef, Bacon & Cheese Cottage Pie 400g",Add to cart,Save to list
EVERYDAY LOW PRICE,$5.70,$6.91 / 1KG,Birds Eye Australian Grown Baby Beans 825g,Add to cart,Save to list
$24.00,$48.00 / 1KG,"Birds Eye Ocean Selections Raw Prawns Frozen, Peeled & Tail Off 500g",Add to cart,Save to list
SAVE $1.00,$8.00,$9.00 - $2.29 / 100G,Fitness Outcomes Sriracha Chicken With Broccoli With Brown & Wild Rice 350g,Add to cart,Save to list
SAVE $3.00,$7.00,$10.00 - $3.65 / 100G,Little Moons Mochi Bites Iced Latte Coffee 6 Pack,Add to cart,Save to list
$2.85,$1.90 / 100G,Tasmanian Bakeries Sausage Roll Large 150g,Add to cart,Save to list
$5.80,$2.42 / 100G,3 FOR $15.00 - $2.08/100G,Woolworths Chicken Parmi Balls 8 Pack 240g,3.9,/,430,Add to cart,Save to list
$8.00,$2.00 / 100G,Devour Parmesan Crusted Tuna Melt Frozen Mac & Cheese Pasta 400g,4.5,/,2,Add to cart,Save to list
LOWER AUTUMN PRICE,$8.50,$2.43 / 100G,RANGE WAS $9.50 - 25/02/2025,Strength Meals Co Calorie Conscious Grilled Chicken Dinner 350g,Add to cart,Save to list
$12.00,$2.22 / 100G,Temptation Bakeries Beef & Cheese Party Pies 12 Pack,5.0,/,1,Add to cart,Save to list
SAVE $1.50,$5.00,$6.50 - $1.25 / 100G,McKenzie's Ready To Bake Cookies Choc Chip 10 pack,Add to cart,Save to list
SAVE $2.00,$6.00,$8.00 - $27.27 / 1KG,Ocean Chef Crumbed Prawn Nuggets 220g,Add to cart,Save to list
SAVE $3.00,$7.00,$10.00 - $3.65 / 100G,Little Moons Mochi Bites Frozen Dessert Brown Sugar Cinnamon Bun 6 pack,Add to cart,Save to list
$9.00,$4.41 / 100G,Mr Chen's Gluten Free Prawn Hargow Dumpling 204g,5.0,/,9,Add to cart,Save to list
SAVE $0.90,$2.60,$3.50 - $1.86 / 100G,Mrs Mac's Microwave Spinach & 140g,Promoted,Add to cart,Save to list
$9.00,$0.90 / 100ML,Juicies Wildberry 10 Pack,Promoted,Add to cart,Save to list
SAVE $1.50,$10.00,$11.50 - $28.57 / 1KG,Sealord Gluten Free Hoki Bites 350g,5.0,/,1, Promoted,Add to cart,Save to list
$13.50,$3.75 / 100ML,Pana Organic Almond Frozen Dessert Sticks 4 Pack,Add to cart,Save to list
EVERYDAY LOW PRICE,$11.00,$5.50 / 1KG,Birds Eye Australian Grown Carrot Broccoli & Cauliflower 2kg,Add to cart,Save to list
SAVE $2.90,$7.50,$10.40 - $1.50 / 100G,Mr Chen's Szechuan Pork Dumplings 500g,Add to cart,Save to list
SAVE $2.00,$6.00,$8.00 - $20.00 / 1KG,Ocean Chef Crumbed Crab Claws 300g,Add to cart,Save to list
SAVE $3.50,$6.50,$10.00 - $0.54 / 100ML,Milo Frozen Dessert Tub 1.2l,Add to cart,Save to list
$7.80,$2.23 / 100G,Tutto Pasta Gluten Free Bolognese Lasagne 350g,3.8,/,15,Add to cart,Save to list
EVERYDAY LOW PRICE,$5.70,$6.91 / 1KG,Birds Eye Australian Grown Corn Kernels 825g,Promoted,Add to cart,Save to list
$9.50,$1.40 / 100G,Pie Society Plant Based Sausage Rolls 680g,5.0,/,1, Promoted,Add to cart,Save to list
$20.00,$22.47 / 1KG,Birds Eye Air Baked Southern Blue Whiting Crumbed Fish 890g,Promoted,Add to cart,Save to list
$13.50,$2.95 / 100ML,Haagen-Dazs Ice Cream Belgian Chocolate 457mL,Promoted,Add to cart,Save to list
SAVE $4.50,$10.00,$14.50 - $2.18 / 100ML,Ben & Jerry's Ice Cream Triple Caramel Chunk 458mL,4.6,/,15,Add to cart,Save to list
$7.50,$1.98 / 100ML,Twisted Supa Pops Chocolate Milkshake 6 Pack,Add to cart,Save to list
$12.50,$2.23 / 100ML,Cornetto Soft Cookies & Chocolate 4 pack,Add to cart,Save to list
$12.50,$2.23 / 100ML,Cornetto Soft Vanilla With Chocolate Sauce 4 pack,Add to cart,Save to list
SAVE $2.85,$6.65,$9.50 - $1.66 / 100G,Garlo's Lean Beef Pies 2 pack,Add to cart,Save to list
$10.00,$2.11 / 100ML,Twisted Protein Pint Frozen Dessert Banana Custard 475mL,Add to cart,Save to list
$12.00,$1.20 / 100ML,Connoisseur Gourmet Ice Cream Honeycomb & Australian Honey 1L,Add to cart,Save to list
SAVE $3.50,$8.50,$12.00 - $2.13 / 100ML,Connoisseur Rocky Road Ice Cream 4 Pack,Add to cart,Save to list
SAVE $3.50,$8.50,$12.00 - $2.13 / 100ML,Connoisseur Vanilla Ice Cream 4 Pack,Add to cart,Save to list
$10.50,$21.00 / 1KG,Oob Organic Frozen Diced Mango 500G,4.6,/,9,Add to cart,Save to list
$10.50,$2.28 / 100ML,Cadbury Dairy Milk Frozen Dessert Tub 460ml,Add to cart,Save to list
$6.50,$13.00 / 1KG,LiveMore Cherries 500g 500g,Add to cart,Save to list
SAVE $1.50,$7.50,$9.00 - $23.44 / 1KG,Sealord Fish Of The Day Whiting Classic Crumb Fillets 4 Pack,Add to cart,Save to list
$8.20,$1.82 / 100G,Borg's Mini Filo Rolls Spinach Mizithra & Feta 450g,Add to cart,Save to list
SAVE $4.50,$4.50,$9.00 - $0.75 / 100ML,Bulla Ice Cream Sticks Caramel Fudge Bars 8 pack,Add to cart,Save to list
$5.80,$7.73 / 1KG,McCain Air Fryer Rustic Skin On 750g,Add to cart,Save to list
$11.00,$0.55 / 100ML,Much Moore Awesome Salted Caramel Ice Cream Tub 2l,4.6,/,383,Add to cart,Save to list
$10.00,$1.33 / 100ML,Norco Minecraft Bubblegum Burst 750mL,Add to cart,Save to list
SAVE $0.90,$2.60,$3.50 - $1.58 / 100G,Mrs Mac's Microwave Traditional Beef Pastie 165g,Promoted,Add to cart,Save to list
$9.00,$30.00 / 1KG,Sealord Hoki Wholemeal 150g x 2 pack,5.0,/,1, Promoted,Add to cart,Save to list
SAVE $0.90,$2.60,$3.50 - $1.49 / 100G,Mrs Mac's Microwave Beef & Cheese Pie 175g,Promoted,Add to cart,Save to list
SAVE $4.00,$12.00,$16.00 - $2.18 / 100G,Mr Chen's Mr Chens BBQ Pork Buns 550g,Add to cart,Save to list
SAVE $2.00,$6.00,$8.00 - $15.00 / 1KG,Ocean Chef Battered Seafood Sticks 400g,Add to cart,Save to list
SAVE $2.00,$7.00,$9.00 - $2.00 / 100G,Quorn Meat Free Satay Style Noodles Meal 350g,Add to cart,Save to list
SAVE $1.00,$13.00,$14.00 - $16.25 / 1KG,Just Caught Crunchy Battered Whiting Fillets 800g,Add to cart,Save to list
SAVE $1.50,$7.00,$8.50 - $2.33 / 100G,Mr Chen's Beef Teriyaki Dumplings 300g,4.0,/,1,Add to cart,Save to list
SAVE $0.90,$2.60,$3.50 - $1.86 / 100G,Mrs Mac's Microwave Spinach & 140g,Add to cart,Save to list
SAVE $4.00,$8.00,$12.00 - $0.80 / 100ML,Bulla Murray St Ice Creamery Vanilla & Boysenberry Swirl Ice Cream 1l,5.0,/,1,Add to cart,Save to list
SAVE $1.50,$7.00,$8.50 - $2.92 / 100G,Mr Chen's Chive & Prawn Wonton 240g,4.3,/,29,Add to cart,Save to list
SAVE $3.00,$27.00,$30.00 - $27.00 / 1KG,Ocean Chef Tuna Yellowfin Tuna Steaks 1kg,5.0,/,1,Add to cart,Save to list
SAVE $2.00,$8.00,$10.00 - $1.43 / 100ML,Bulla Creamy Classics Ice Cream Sandwich Vanilla 4 Pack,4.8,/,5,Add to cart,Save to list
$8.50,$2.13 / 100G,2 FOR $13.00 - $1.63/100G,Buonissimo Cucina BBQ Chicken Pizza 400g,Add to cart,Save to list
SAVE $1.00,$8.00,$9.00 - $2.29 / 100G,Fitness Outcomes Thai Green Chicken Curry 350g,Add to cart,Save to list
$5.50,$2.75 / 100G,Ho Mai Apple Pie Spring Rolls 200g,Add to cart,Save to list
$14.00,$17.50 / 1KG,Just Caught Tempura Battered Whiting Fillets 800g,Add to cart,Save to list
SAVE $3.00,$7.00,$10.00 - $2.59 / 100ML,Magnum Euphoria Raspberry Lemon 3 pack,Add to cart,Save to list
$12.00,$2.22 / 100G,Temptation Bakeries Pepper Steak Party Pies 12 Pack,Add to cart,Save to list
SAVE $4.50,$10.00,$14.50 - $2.18 / 100ML,Ben & Jerrys Ice Cream Tub The Tonight Dough 458 Ml,5.0,/,11,Add to cart,Save to list
$9.50,$2.71 / 100G,Easy Eats Cajun Chicken With Spiral Pasta Meal 350g,Add to cart,Save to list
$7.00,$2.92 / 100G,Woolworths Zucchini & Fetta Fritters 8 Pack 240g,4.0,/,268,Add to cart,Save to list
SAVE $4.50,$10.00,$14.50 - $2.18 / 100ML,Ben & Jerry's Ice Cream Phish Food 458mL,4.9,/,8,Add to cart,Save to list
EVERYDAY LOW PRICE,$11.00,$5.50 / 1KG,McCain Peas 2kg,Add to cart,Save to list
$16.50,$1.74 / 100ML,Pana Organic Mint Chocolate Chip Frozen Dessert Tub 950ml,Add to cart,Save to list
$8.75,$24.31 / 1KG,Findus Crumbed Fish Fingers 6 Pack,Add to cart,Save to list
$8.00,$33.33 / 1KG,Just Caught Panko Crumbed Stretched Prawns 240g,Add to cart,Save to list
$10.00,$1.43 / 100G,Mrs Mac's Giant Sausage Rolls 4 Pack,5.0,/,1,Add to cart,Save to list
SAVE $1.50,$6.50,$8.00 - $2.17 / 100ML,Paddle Pop Twister Mini Tropical 6 pack,Add to cart,Save to list
$10.00,$2.50 / 100ML,Streets Golden Gaytime Strawberries & Cream Frozen Dessert 4 pack,Add to cart,Save to list
$8.20,$1.82 / 100G,Borg's Mini Filo Spirals Spinach Mizithra & Feta 450g,Add to cart,Save to list
$14.00,$28.00 / 1KG,Just Caught Classic Crumbed Prawns 500g,Add to cart,Save to list
SAVE $2.00,$12.00,$14.00 - $12.00 / 1KG,Tegel Take Outs Louisiana Style Chicken Portions 1kg,4.5,/,20,Add to cart,Save to list
SAVE $2.00,$23.00,$25.00 - $38.33 / 1KG,Humpty Doo Australian Saltwater Barramundi 600g,Add to cart,Save to list
SAVE $3.00,$7.00,$10.00 - $3.65 / 100G,Little Moons Mochi Bites Pineapple & Mandarin 6 pack,Add to cart,Save to list
EVERYDAY LOW PRICE,$10.00,$1.33 / 100G,Lucky Kitchen Prawn Gyoza 750g,1.0,/,1,Add to cart,Save to list
$7.00,$2.33 / 100G,Vegie Delights Tender Crumbed Schnitzel 300g,Add to cart,Save to list
$5.80,$2.90 / 100G,3 FOR $15.00 - $2.50/100G,Woolworths Beef Curry Puffs 8 Pack 200g,3.7,/,342,Add to cart,Save to list
$12.00,$1.20 / 100ML,Connoisseur Matcha Green Tea With White Choc Ice Cream Tub 1l,Add to cart,Save to list
SAVE $2.00,$4.50,$6.50 - $9.00 / 1KG,McCain Pub Style Crispy Broccoli Fries 500g,Add to cart,Save to list
SAVE $4.25,$4.25,$8.50 - $0.94 / 100ML,Proud & Punch Pining For Lime 6 Pack,Add to cart,Save to list
SAVE $1.50,$6.50,$8.00 - $1.44 / 100G,Rani Superior Punjabi Samosas 6 Pack,Add to cart,Save to list
SAVE $4.00,$8.00,$12.00 - $1.60 / 100G,Simply Wize Apple Turnover Gluten Free 8 Pack,5.0,/,1,Add to cart,Save to list
$7.00,$11.67 / 1KG,Birds Eye Deli Seasoned Sides Garlic Butter Style & Parsley 600g,Promoted,Add to cart,Save to list
EVERYDAY LOW PRICE,$4.30,$4.78 / 1KG,McCain Superfries Shoestring 900g,4.6,/,171, Promoted,Add to cart,Save to list
SAVE $1.80,$4.20,$6.00 - $5.60 / 1KG,McCain Pub Style Extra Crispy Chips 750g,4.8,/,5, Promoted,Add to cart,Save to list
$8.50,$4.25 / 100G,The Pizza Cupcake Pepperoni 50g x 4 pack,Add to cart,Save to list
SAVE $4.50,$10.00,$14.50 - $2.15 / 100ML,Ben & Jerry's Spectacu - Love Ice Cream Tub 465mL,Add to cart,Save to list
$7.50,$3.00 / 100G,Bibigo Gimbap Seaweed Rice Roll Bulgogi Flavour 250g,Add to cart,Save to list
SAVE $1.50,$8.50,$10.00 - $1.63 / 100ML,Bulla Creamy Classics Cones Choc Honeycomb 4 Pack,Add to cart,Save to list
SAVE $3.50,$8.50,$12.00 - $2.36 / 100ML,Connoisseur Triple Chocolate Cookie Ice Cream 4 pack,Add to cart,Save to list
$9.00,$0.90 / 100ML,Juicies Wildberry 10 Pack,Add to cart,Save to list
$7.00,$11.67 / 1KG,Birds Eye Deli Seasoned Sides Davidson Plum & Ginger 600g,Promoted,Add to cart,Save to list
$13.50,$3.55 / 100ML,Haagen-Dazs Ice Cream Classic Collection 95mL x 4 pack,Promoted,Add to cart,Save to list
SAVE $1.80,$4.20,$6.00 - $5.60 / 1KG,McCain Pub Style Potato Wedges 750g,4.7,/,46, Promoted,Add to cart,Save to list
$9.00,$1.50 / 100G,Marathon Puffy Dogs 600g,4.5,/,38, Promoted,Add to cart,Save to list
SAVE $1.50,$7.00,$8.50 - $2.69 / 100G,Mr Chen's Satay Chicken Dumplings 260g,Add to cart,Save to list
$7.50,$3.75 / 100G,Quorn Garlic & Herb Fillets Frozen Meal 2 Pack,Add to cart,Save to list
EVERYDAY LOW PRICE,$12.00,$14.29 / 1KG,Findus Crumbed Fish Fingers 840g,Add to cart,Save to list
$13.50,$27.00 / 1KG,Beak & Sons Tender Slow Cooked Beef Ragu 500g,Add to cart,Save to list
$5.80,$2.90 / 100G,3 FOR $15.00 - $2.50/100G,Woolworths Herb & Garlic Hash Bites 8 Pack 200g,3.9,/,446,Add to cart,Save to list
NEW,$6.50,$0.65 / 100ML,Woolworths Triple Chocolate Ice Cream 1L,4.7,/,182,Add to cart,Save to list
SAVE $3.50,$11.00,$14.50 - $2.75 / 100ML,Ben & Jerry's Classic Coollection Mini 4 pack,Add to cart,Save to list
SAVE $3.50,$8.50,$12.00 - $2.13 / 100ML,Connoisseur Mint & Cookies Ice Cream 4 Pack,4.0,/,1,Add to cart,Save to list
SAVE $1.00,$8.00,$9.00 - $2.29 / 100G,Fitness Outcomes Chicken Massaman With Coconut Turmeric Rice & Green Beans 350g,Add to cart,Save to list
SAVE $1.00,$8.00,$9.00 - $2.29 / 100G,Fitness Outcomes Portuguese Chicken With Roasted Potato & Sweet Corn 350g,Add to cart,Save to list
$8.50,$2.83 / 100G,Hong Kong Dim Sim Kitchen Pork Prawn & Mushroom Siu Mai 300g,5.0,/,2,Add to cart,Save to list
$8.00,$33.33 / 1KG,Just Caught Coconut Crumbed Prawns 240g,Add to cart,Save to list
SAVE $2.00,$8.00,$10.00 - $0.80 / 100ML,Norco Cape Byron Ice Cream Tub Classic Cookie Dough 1L,Add to cart,Save to list
SAVE $1.50,$10.00,$11.50 - $28.57 / 1KG,Sealord Gluten Free Hoki Bites 350g,5.0,/,1,Add to cart,Save to list
$9.50,$2.38 / 100G,Herbert Adams Honey Soy Chicken Pies 2 Pack,Add to cart,Save to list
$9.50,$2.99 / 100G,Katz Glazed Donuts Gluten Free 318g,4.5,/,2,Add to cart,Save to list
$6.00,$1.50 / 100G,On The Menu Beef Ravioli 400g,Add to cart,Save to list
SAVE $3.50,$8.00,$11.50 - $25.00 / 1KG,Woolworths Lemon Crumb Barramundi 320g,3.7,/,270,Add to cart,Save to list
NEW,$6.50,$0.65 / 100ML,Woolworths Salted Caramel Ice Cream 1L,4.4,/,166,Add to cart,Save to list
$7.00,$11.67 / 1KG,Birds Eye Deli Seasoned Sides Garlic Butter Style Green Beans 600g,Promoted,Add to cart,Save to list
$7.00,$14.00 / 1KG,Birds Eye Deli Seasoned Sides Garlic Herb Broccoli 500g,Promoted,Add to cart,Save to list
$7.50,$15.00 / 1KG,Lamb Weston Mini Potato Cakes Scallops Original 500g,Promoted,Add to cart,Save to list
EVERYDAY LOW PRICE,$4.30,$4.78 / 1KG,McCain Superfries Crinkle Cut 900g,4.3,/,149, Promoted,Add to cart,Save to list
$5.50,$0.92 / 100G,Barossa Pastry Co. Shortcrust Pastry Sheets 600g,Add to cart,Save to list
SAVE $2.40,$9.60,$12.00 - $1.37 / 100G,Four'N Twenty Angus Steak & Onion Pies 4 pack,Add to cart,Save to list
SAVE $3.00,$7.00,$10.00 - $3.65 / 100G,Little Moons Mochi Bites Blood Orange & Pink Grapefruit 6 pack,Add to cart,Save to list
$14.00,$35.00 / 1KG,Magic Taste Premium Crumbed Chicken Schnitzels 2 Pack,Add to cart,Save to list
$6.50,$3.87 / 100G,Naked Rivals 100% Lime Juice Frozen 12 pack,Add to cart,Save to list
SAVE $3.50,$8.50,$12.00 - $2.13 / 100ML,Connoisseur Mango & Coconut Ice Cream 4 Pack,Add to cart,Save to list
$5.80,$2.42 / 100G,3 FOR $15.00 - $2.08/100G,Woolworths Cheeseburger Balls 8 Pack 240g,3.7,/,360,Add to cart,Save to list
EVERYDAY LOW PRICE,$7.50,$2.08 / 100ML,Bulla Creamy Classic Neapolitan Ice Cream Sticks 4 pack,Add to cart,Save to list
SAVE $8.00,$4.00,$12.00 - $1.00 / 100G,Coco Earth Palak Paneer 400g,Add to cart,Save to list
$9.50,$2.71 / 100G,Easy Eats Thai Green Chicken Curry With Mixed Vegetables & Rice Meal 350g,Add to cart,Save to list
$18.00,$2.40 / 100G,Just Cook Prawn Gyoza 750g,Add to cart,Save to list
$14.50,$3.05 / 100ML,Messina Gelato Dulce De Leche 475mL,Add to cart,Save to list
SAVE $3.50,$8.50,$12.00 - $2.13 / 100ML,Connoisseur Vanilla Caramel Brownie Ice Cream 4 Pack,Add to cart,Save to list
SAVE $4.00,$22.50,$26.50 - $52.94 / 1KG,Ocean Chef USA Sea Scallops 425G,Add to cart,Save to list
SAVE $1.00,$6.00,$7.00 - $2.00 / 100G,La Cocina Mexican Style Quesadillas Cheesy Beef 300g,Add to cart,Save to list
SAVE $2.90,$5.00,$7.90 - $1.43 / 100G,Ruffie Rustic Foods Sweet Potato Cottage Pie With Red Lentils 350g,Add to cart,Save to list
SAVE $5.25,$5.25,$10.50 - $1.64 / 100G,bubbleme Boba T Bubble Tea Frozen Dessert Sticks 4 pack,Add to cart,Save to list
$13.50,$3.55 / 100ML,Haagen-Dazs Little Cups Caramel Collection 4 pack,Add to cart,Save to list
SAVE $4.00,$4.00,$8.00 - $1.14 / 100G,Mr Chen's Seafood Singapore Noodles 350g,4.0,/,9,Add to cart,Save to list
SAVE $2.00,$8.00,$10.00 - $0.80 / 100ML,Norco Cape Byron Ice Cream Tub Caramel Pecan Pie 1L,Add to cart,Save to list
$7.00,$9.33 / 1KG,Birds Eye Golden Crunch Sidewinders Twisty Potato Chips 750g,Promoted,Add to cart,Save to list
$12.50,$50.00 / 1KG,Birds Eye Air Baked Barramundi Crumbed Fish 250g,Promoted,Add to cart,Save to list
$7.00,$11.67 / 1KG,Birds Eye Deli Roast Vegetables Potato Pumpkin Red Onion & Carrot 600g,4.0,/,66, Promoted,Add to cart,Save to list
$13.00,$23.64 / 1KG,Tegel Take Outs Extra Crunchy Chicken Burgers 550g,4.8,/,13, Promoted,Add to cart,Save to list
SAVE $2.00,$20.00,$22.00 - $40.00 / 1KG,Woolworths Jumbo Cooked Prawn 500g,4.0,/,661,Add to cart,Save to list
$9.50,$2.44 / 100G,bubbleme Tropical Treats Honeydew Delight 6 Pack,Add to cart,Save to list
SAVE $4.00,$8.00,$12.00 - $0.80 / 100ML,Bulla Murray St Caramel Swirl & Shortbread Pieces Ice Cream 1l,5.0,/,1,Add to cart,Save to list
$10.50,$8.08 / 100G,Cacao Macarons 12 pack,Add to cart,Save to list
$8.00,$32.00 / 1KG,I&J Crispy Battered Fish Pops Made With Real Fillets 250g,Add to cart,Save to list
SAVE $2.00,$7.00,$9.00 - $2.00 / 100G,Quorn Meat Free Lasagne Meal 350g,Add to cart,Save to list
SAVE $1.50,$8.50,$10.00 - $1.63 / 100ML,Bulla Creamy Classics Choc Caramel Peanut Ice Cream Cones 4 Pack,Add to cart,Save to list
$9.50,$2.71 / 100G,Easy Eats Beef Bolognese With Spaghetti Meal 350g,Add to cart,Save to list
$8.00,$25.00 / 1KG,I&J Sweet Chilli Fish Tenders Crumbed With Real Fillets 320g,Add to cart,Save to list
$10.00,$1.43 / 100G,Mrs Mac's Chilli Beef & Cheese Pies 4 pack,4.0,/,1,Add to cart,Save to list
SAVE $1.50,$7.50,$9.00 - $23.44 / 1KG,Sealord Dory Classic Crumb Fillets 4 Pack,4.6,/,50,Add to cart,Save to list
$15.50,$23.85 / 1KG,Beak & Sons Woodsmoked Bbq Ribs 650g,Add to cart,Save to list
$10.00,$2.50 / 100ML,Golden Gaytime Inspired By Caramel Slice Frozen Dessert Sticks 4 pack,Add to cart,Save to list
$10.00,$2.50 / 100ML,Golden Gaytime Streets Birthday Cake Ice Cream Sticks 100mL x 4 pack,Add to cart,Save to list
$14.00,$28.00 / 1KG,Just Caught Classic Crumbed Seafood Basket 500g,2.0,/,1,Add to cart,Save to list
NEW,$12.00,$3.33 / 100ML,2 FOR $16.00 - $2.22/100ML,Magnum Cookie Crunch 4 pack,Add to cart,Save to list
$10.00,$2.00 / 100G,McCain Pub Size Bacon Carbonara Meat Bacon Carbonara 500g,Add to cart,Save to list
$11.00,$0.55 / 100ML,Much Moore Awesome Foursome Cravings Ice Cream Tub 2l,4.7,/,419,Add to cart,Save to list
SAVE $3.50,$8.50,$12.00 - $2.36 / 100ML,Connoisseur Cafe Grande Ice Creams 4 pack,Add to cart,Save to list
$10.50,$2.28 / 100ML,Cadbury Caramello Frozen Dessert Tub 460ml,Add to cart,Save to list
$12.00,$4.29 / 100ML,Ferrero Raffaello Frozen Dessert 4 pack,Add to cart,Save to list
EVERYDAY LOW PRICE,$14.00,$14.00 / 1KG,I&J New Zealand Hoki Fish Lemon Crumb 1kg,Add to cart,Save to list
SAVE $2.00,$7.00,$9.00 - $2.00 / 100G,Quorn Meat-Free Creamy Chicken Style Pasta 350g,Add to cart,Save to list
EVERYDAY LOW PRICE,$4.90,$5.94 / 1KG,Birds Eye Australian Grown Garden Peas 825g,Promoted,Add to cart,Save to list
SAVE $2.00,$5.00,$7.00 - $14.29 / 1KG,Strong Roots Sweet Potato Hash Brown 350g,3.5,/,2, Promoted,Add to cart,Save to list
$9.50,$1.64 / 100G,Pie Society Meatless Classic Cottage Pies 2 Pack,Promoted,Add to cart,Save to list
$12.50,$32.89 / 1KG,Birds Eye Air Baked Southern Blue Whiting Crumbed Fish 380g,2.0,/,1, Promoted,Add to cart,Save to list
$11.00,$2.93 / 100G,Careme Spelt Butter Puff Pastry 375g,Add to cart,Save to list
$12.00,$2.54 / 100ML,Denada Triple Choc Frozen Dessert Tub 473mL,Add to cart,Save to list
SAVE $1.00,$13.00,$14.00 - $16.25 / 1KG,Just Caught Beer Battered Whiting Bites 800g,2.0,/,1,Add to cart,Save to list
SAVE $1.50,$8.50,$10.00 - $1.93 / 100ML,Reese's Ice Cream Sandwich Peanut Butter 4 Pack,Add to cart,Save to list
SAVE $4.50,$10.00,$14.50 - $2.34 / 100ML,Ben & Jerry's Cookie Vermont-ster Ice Cream 427mL,Add to cart,Save to list
SAVE $3.50,$8.50,$12.00 - $2.36 / 100ML,Connoisseur Honeycomb & Australian Honey Ice Cream Sticks 4 pack,Add to cart,Save to list
$8.80,$2.51 / 100G,Earth Plant Based Meat Free Lasagne 350g,Add to cart,Save to list
$9.50,$2.71 / 100G,Easy Eats Beef Lasagne Meal 350g,Add to cart,Save to list
$7.00,$3.11 / 100G,Woolworths Brie Caramelised Onion & Ham Triangles 9 Pack 225g,3.3,/,111,Add to cart,Save to list
SAVE $4.00,$8.00,$12.00 - $0.80 / 100ML,Bulla Murray St Ice Creamery Honey & Salted Caramel Peanut Icecream 1l,Add to cart,Save to list
$12.00,$1.20 / 100ML,Connoisseur Plant Based Hazelnut Chocolate Frozen Dessert Tub 1l,4.0,/,1,Add to cart,Save to list
SAVE $1.00,$8.00,$9.00 - $2.29 / 100G,Fitness Outcomes Chipotle Beef & Corn Salsa 350g,Add to cart,Save to list
SAVE $3.00,$14.00,$17.00 - $1.40 / 100G,Golden Wok Australian Beef Gyoza 1kg,Add to cart,Save to list
NEW,$6.50,$0.65 / 100ML,Woolworths Cookies & Cream Ice Cream 1L,4.4,/,178,Add to cart,Save to list
$15.50,$23.85 / 1KG,Beak & Sons Sweet & Sticky Bbq Ribs 650g,Add to cart,Save to list
SAVE $3.50,$8.50,$12.00 - $2.36 / 100ML,Connoisseur Plant Based Vanilla Brownie Frozen Dessert Sticks 4 Pack,5.0,/,1,Add to cart,Save to list
$13.50,$1.80 / 100ML,Cornetto Caramel 6 pack,Add to cart,Save to list
SAVE $2.00,$5.00,$7.00 - $6.67 / 1KG,Strong Roots Crispy Skinny Fries 750g,Promoted,Add to cart,Save to list
$23.00,$46.00 / 1KG,Just Caught Jumbo Cutlets Raw 500g,Add to cart,Save to list
EVERYDAY LOW PRICE,$12.00,$6.00 / 1KG,McCain Peas & Carrots Snap Frozen 2kg,Add to cart,Save to list
$7.95,$1.99 / 100G,The Outback Pie Co Prime Beef Pies Frozen 2 Pack,Add to cart,Save to list
$12.00,$2.73 / 100ML,Magnum Euphoria Ice Cream Tub Raspberry Lemon 440mL,Add to cart,Save to list
$14.50,$3.05 / 100ML,Messina Gelato Tiramisu 475mL,Add to cart,Save to list
$6.00,$2.18 / 100G,Tak Hing Bbq Pork Bao 4 Pack,5.0,/,5,Add to cart,Save to list
$12.50,$32.89 / 1KG,Birds Eye Air Baked Deep Sea Dory Crumbed Fish 380g,Promoted,Add to cart,Save to list
$9.00,$30.00 / 1KG,Sealord Hoki Parmesan & Rosemary Ciabatta 150g x 2 pack,Promoted,Add to cart,Save to list
SAVE $2.00,$5.00,$7.00 - $7.69 / 1KG,Strong Roots Proper Chips 650g,Promoted,Add to cart,Save to list
$12.50,$50.00 / 1KG,Birds Eye Air Baked South American Flathead Crumbed Fish 250g,Promoted,Add to cart,Save to list
$8.50,$25.37 / 1KG,ASP Scottish Fish Kippers 335g,Add to cart,Save to list
SAVE $4.50,$10.00,$14.50 - $2.34 / 100ML,Ben & Jerry's Ice Cream Tub Marshmallow & S'More 427mL,Add to cart,Save to list
SAVE $4.00,$8.00,$12.00 - $0.80 / 100ML,Bulla Murray St Choc Mint Sundae Ice Cream 1l,Add to cart,Save to list
SAVE $3.50,$8.50,$12.00 - $2.13 / 100ML,Connoisseur Roasted Hazelnut Ice Cream 4 Pack,Add to cart,Save to list
$18.00,$1.80 / 100G,Garlo's Lean Beef Family Pie 1kg,Add to cart,Save to list
$6.00,$1.50 / 100G,Pasta Italia Spinach & Ricotta Ravioli 400g,Add to cart,Save to list
SAVE $2.00,$8.00,$10.00 - $1.43 / 100ML,Bulla Creamy Classics Ice Cream Sandwich Neapolitan 4 Pack,4.0,/,10,Add to cart,Save to list
EVERYDAY LOW PRICE,$7.50,$2.08 / 100ML,Bulla Creamy Classics Ice Cream Vanilla 4 Pack,Add to cart,Save to list
SAVE $2.20,$4.80,$7.00 - $19.20 / 1KG,Findus Lightly Dusted Fish Fillets With Parsley 2 Pack,Add to cart,Save to list
SAVE $1.50,$7.00,$8.50 - $2.33 / 100G,Mr Chen's Steamed Prawn Roll 300g,4.3,/,28,Add to cart,Save to list
$7.95,$1.99 / 100G,"The Outback Pie Co Prime Beef, Bacon & Cheese Pies Frozen 2 Pack",Add to cart,Save to list
$10.00,$28.57 / 1KG,Woolworths Chicken Breast Fillets Garlic & Crumb 350g,4.0,/,691,Add to cart,Save to list
NEW,$5.00,$0.88 / 100ML,Woolworths Chocolate Pops Popsicles 9 pack,4.1,/,336,Add to cart,Save to list
EST. RESTOCK 07/04/25,Four'N Twenty Snack Pack 24 Pack,View similar,products,             to Four'N Twenty Snack Pack 24 Pack,Save to list
$14.50,$3.05 / 100ML,Messina Gelato Hazelnut Praline 475mL,Add to cart,Save to list
$10.50,$21.88 / 1KG,Sealord Hoki Fillets Lemon Pepper 480g,4.5,/,17,Add to cart,Save to list
NEW,$5.60,$9.33 / 1KG,Woolworths Straight Cut Peri Peri Chips 600g,4.0,/,134,Add to cart,Save to list
$13.50,$2.95 / 100ML,Haagen-Dazs Ice Cream Belgian Chocolate 457mL,Promoted,Add to cart,Save to list
LOWER AUTUMN PRICE,$10.40,$2.08 / 100G,WAS $13 - 25/02/2025,Mr Chen's Honey Soy Chicken Dumplings 500g,Add to cart,Save to list
$10.00,$1.33 / 100ML,Norco Minecraft Candy Apple Explosion 750mL,Add to cart,Save to list
SAVE $3.00,$10.00,$13.00 - $2.00 / 100G,Patties Crumbed Bites Cheese & Garlic 500g,Add to cart,Save to list
$7.50,$1.98 / 100ML,Twisted Supa Pops Blue Illusion Caramel Frozen Dessert Sticks 6 pack,Add to cart,Save to list
$13.50,$1.80 / 100ML,Cornetto Triple Choc 6 pack,Add to cart,Save to list
$9.00,$2.81 / 100G,Dineamic Beef Meatballs In Napoli With Spiral Pasta 320g,Add to cart,Save to list
$14.00,$17.50 / 1KG,Just Caught Classic Crumbed Squid Strips 800g,Add to cart,Save to list
SAVE $1.50,$7.50,$9.00 - $25.00 / 1KG,Sealord Dory Fillets Tempura Batter 4 Pack,4.4,/,37,Add to cart,Save to list
SAVE $4.50,$10.00,$14.50 - $2.34 / 100ML,Ben & Jerry's Sundae Dulce De-lish Ice Cream 427mL,Add to cart,Save to list
$7.50,$3.00 / 100G,Bibigo Gimbap Seaweed Rice Roll Tuna Mayo 250g,Add to cart,Save to list
SAVE $1.80,$7.20,$9.00 - $1.80 / 100ML,Chupa Chups Mixed Minis Frozen Dessert Sticks 10 Pack,Add to cart,Save to list
SAVE $1.40,$5.60,$7.00 - $3.11 / 100G,Sara Lee Deluxe Sticky Date Pudding 2 pack,Add to cart,Save to list
SAVE $1.50,$5.00,$6.50 - $1.25 / 100G,McKenzie's Ready To Bake Cookies Triple Choc 10 pack,Add to cart,Save to list
$10.50,$22.83 / 1KG,Sealord Frozen New Zealand Hoki Fish Burger 4 Pack,Add to cart,Save to list
$8.50,$4.25 / 100G,The Pizza Cupcake Hawaiian 50g x 4 pack,Add to cart,Save to list
$10.00,$28.57 / 1KG,Woolworths Chicken Breast Fillets Chilli & Garlic 350g,4.0,/,754,Add to cart,Save to list
$11.00,$0.55 / 100ML,Much Moore Awesome Foursome Ice Cream Tub 2l,4.1,/,276,Add to cart,Save to list
SAVE $2.00,$12.00,$14.00 - $12.00 / 1KG,Tegel Take Outs Nashville Style Chicken Portions 1kg,4.7,/,14,Add to cart,Save to list
EVERYDAY LOW PRICE,$7.50,$2.08 / 100ML,Bulla Creamy Classics Mint Ice Cream Sticks 4 pack,Add to cart,Save to list
$6.80,$3.00 / 100G,Linda Mccartney's Vegetarian Burger Patties Frozen Meal 227g,5.0,/,1,Add to cart,Save to list
$14.50,$3.05 / 100ML,Messina Gelato Robert Brownie Junior 475mL,Add to cart,Save to list
$11.50,$2.05 / 100ML,Peters Maxibon Peanut Jams With Butter 4 pack,Add to cart,Save to list
NEW,$5.00,$0.88 / 100ML,Woolworths Swirly Pops Popsicles Caramel 9 pack,4.3,/,42,Add to cart,Save to list
$13.50,$2.95 / 100ML,Haagen-Dazs Ice Cream Strawberries & Cream 457mL,4.5,/,44, Promoted,Add to cart,Save to list
SAVE $0.90,$2.60,$3.50 - $1.58 / 100G,Mrs Mac's Microwave Traditional Beef Pastie 165g,Promoted,Add to cart,Save to list
$9.00,$30.00 / 1KG,Sealord Hoki Wholemeal 150g x 2 pack,5.0,/,1, Promoted,Add to cart,Save to list
SAVE $0.90,$2.60,$3.50 - $1.49 / 100G,Mrs Mac's Microwave Beef & Cheese Pie 175g,Promoted,Add to cart,Save to list
$12.50,$25.00 / 1KG,Beak & Sons Slow Cooked Meatballs In Italian Herb Sauce 500g,Add to cart,Save to list
SAVE $4.50,$10.00,$14.50 - $2.34 / 100ML,Ben & Jerry's Ice Cream Pint Oh My! Banoffee Pie! Sundae 427mL,5.0,/,1,Add to cart,Save to list
SAVE $2.00,$8.00,$10.00 - $1.43 / 100ML,Bulla Creamy Classics Cookies & Cream 4 Pack,Add to cart,Save to list
$8.00,$28.57 / 1KG,Just Caught Lemon & Pepper Squid 280g,Add to cart,Save to list
$12.95,$4.05 / 100G,New Chinese Garden Honey Chicken Gluten Free Meal Kit Frozen Meal 320g,Add to cart,Save to list
$10.00,$2.50 / 100ML,Streets Golden Gaytime Vanilla Malt Shake 4 Pack,Add to cart,Save to list
SAVE $2.55,$5.95,$8.50 - $19.83 / 1KG,Creole Katz Battered Pickle Chips 300g,Add to cart,Save to list
SAVE $3.00,$14.00,$17.00 - $1.87 / 100G,Golden Wok Prawn Gyoza 750g,Add to cart,Save to list
SAVE $2.00,$8.00,$10.00 - $0.80 / 100ML,Norco Cape Byron Ice Cream Tub Mango Macadamia 1L,Add to cart,Save to list
$10.50,$23.33 / 1KG,Sealord Hoki Fillets Pub Style 450g,4.4,/,17,Add to cart,Save to list
$10.00,$1.00 / 100ML,Streets Golden Gaytime Frozen Dessert 1L,Add to cart,Save to list
$13.50,$27.00 / 1KG,Beak & Sons Chinese Style Hoisin Pork 500g,Add to cart,Save to list
$13.50,$1.80 / 100ML,Cornetto Strawberry 6 pack,Add to cart,Save to list
$14.00,$28.00 / 1KG,Just Caught Salt & Pepper Prawns 500g,5.0,/,1,Add to cart,Save to list
SAVE $3.00,$7.00,$10.00 - $2.59 / 100ML,Magnum Wonder Golden Toffee Frozen Dessert Sticks 3 pack,Add to cart,Save to list
$12.50,$25.00 / 1KG,Beak & Sons Slow Cooked Meatballs In Creamy Mushroom Sauce 500g,Add to cart,Save to list
SAVE $3.00,$7.00,$10.00 - $2.75 / 100ML,Magnum Double Sunlover Frozen Dessert Sticks 3 pack,Add to cart,Save to list
EVERYDAY LOW PRICE,$15.00,$2.08 / 100G,Mars Ice Bar 18 Pack,Add to cart,Save to list
EVERYDAY LOW PRICE,$5.70,$6.91 / 1KG,Birds Eye Australian Grown Baby Beans 825g,Promoted,Add to cart,Save to list
$9.00,$30.00 / 1KG,Sealord Hoki 3 Seed Premium 150g x 2 pack,Promoted,Add to cart,Save to list
SAVE $3.00,$10.00,$13.00 - $2.00 / 100G,Patties Crumbed Bites Jalapeno & Cheese 500g,Add to cart,Save to list
$13.90,$1.74 / 100G,Pie Society Classic Beef Party Pack 800g,Add to cart,Save to list
SAVE $1.50,$8.50,$10.00 - $2.36 / 100ML,Reese's Peanut Butter & Chocolate Sticks 4 Pack,Add to cart,Save to list
SAVE $4.00,$20.00,$24.00 - $50.00 / 1KG,Ocean Chef Australian Raw Peeld Prawns 400g,Add to cart,Save to list
$8.00,$2.52 / 100G,Street Foodie Prawn Selection 318g,Add to cart,Save to list
$13.90,$4.70 / 100G,3 FOR $34.95 - $3.94/100G,Be Fit Food Malaysian Chicken Curry 296g,Add to cart,Save to list
EVERYDAY LOW PRICE,$7.50,$2.08 / 100ML,Bulla Creamy Classics Choc Vanilla Ice Creams 4 Pack,Add to cart,Save to list
SAVE $4.00,$8.00,$12.00 - $0.80 / 100ML,Bulla Murray Street Ice Cream Lemon Curd Swirl Tub 1L,Add to cart,Save to list
$8.50,$2.13 / 100G,2 FOR $13.00 - $1.63/100G,Buonissimo Margherita Pizza 400g,1.0,/,2,Add to cart,Save to list
$8.50,$1.85 / 100G,2 FOR $13.00 - $1.41/100G,Buonissimo Meat Lovers Pizza 460g,Add to cart,Save to list
$10.50,$2.28 / 100ML,Cadbury Caramilk Frozen Dessert Tub 460ml,Add to cart,Save to list
$12.00,$2.54 / 100ML,Denada Dulce De Leche Frozen Dessert Tub 473mL,Add to cart,Save to list
SAVE $2.50,$6.50,$9.00 - $0.65 / 100ML,Golden North Twist Sublime Burst 1L,Add to cart,Save to list
$8.50,$2.83 / 100G,Golden Wok Thai Chicken Siu Mai 300g,3.0,/,1,Add to cart,Save to list
SAVE $2.50,$7.50,$10.00 - $1.88 / 100G,Mrs Mac's Loaded Roast Of The Day Pies 2 Pack,Add to cart,Save to list
$6.00,$1.50 / 100G,Pasta Italia Plant Based Pumpkin Caramelised Onion Ravioli 400g,Add to cart,Save to list
$8.50,$1.89 / 100G,2 FOR $13.00 - $1.44/100G,Buonissimo Pepperoni Pizza 450g,Add to cart,Save to list
$7.00,$3.13 / 100G,Woolworths Beef Wellington Inspired Pastries 7 Pack 224g,3.0,/,299,Add to cart,Save to list
$9.50,$2.44 / 100G,bubbleme Tropical Treats Mango Passionfruit Bliss 6 Pack,Add to cart,Save to list
$13.50,$27.00 / 1KG,Beak & Sons Tender Slow Cooked Tuscan Chicken 500g,Add to cart,Save to list
SAVE $2.00,$11.00,$13.00 - $36.67 / 1KG,Better Choice Fisheries Australian Whiting Fillets 300g,Add to cart,Save to list
$20.00,$22.47 / 1KG,Birds Eye Air Baked Southern Blue Whiting Crumbed Fish 890g,Add to cart,Save to list
$8.50,$2.83 / 100G,2 FOR $13.00 - $2.17/100G,Buonissimo Dessert Pizza Chocolate Hazelnut 300g,Add to cart,Save to list
$18.00,$2.40 / 100G,Just Cook Pork Gyoza 750g,Add to cart,Save to list
SAVE $1.00,$13.00,$14.00 - $16.25 / 1KG,Just Caught Classic Crumbed Whiting Coujons 800g,Add to cart,Save to list
$18.00,$2.40 / 100G,Just Cook Vegetable Gyoza 750g,Add to cart,Save to list
$18.00,$2.40 / 100G,Just Cook Prawn Hargow 750g,4.0,/,1,Add to cart,Save to list
$7.00,$11.67 / 1KG,Birds Eye Deli Seasoned Sides Davidson Plum & Ginger 600g,Promoted,Add to cart,Save to list
$13.50,$3.55 / 100ML,Haagen-Dazs Ice Cream Classic Collection 95mL x 4 pack,Promoted,Add to cart,Save to list
SAVE $1.80,$4.20,$6.00 - $5.60 / 1KG,McCain Pub Style Potato Wedges 750g,4.7,/,46, Promoted,Add to cart,Save to list
$9.00,$1.50 / 100G,Marathon Puffy Dogs 600g,4.5,/,38, Promoted,Add to cart,Save to list
$11.00,$0.55 / 100ML,Much Moore Awesome Boysenberry Ice Cream Tub 2l,4.5,/,293,Add to cart,Save to list
$6.00,$1.50 / 100G,Pasta Italia Beef Tortellini 400g,Add to cart,Save to list
$6.00,$2.18 / 100G,Tak Hing Black Pepper Chicken Bao 275g,Add to cart,Save to list
$24.00,$48.00 / 1KG,"Birds Eye Ocean Selections Raw Prawns Frozen, Garlic And Herb Dusted 500g",Add to cart,Save to list
$8.50,$2.83 / 100G,Golden Wok BBQ Pork Siu Mai 300g,2.0,/,1,Add to cart,Save to list
$14.00,$17.50 / 1KG,Just Caught Southern Style Whiting Bites 800g,Add to cart,Save to list
$14.60,$2.43 / 100G,Woolworths Chicken & Cheese Party Pack 36 Pack,3.6,/,286,Add to cart,Save to list
$8.50,$1.81 / 100G,2 FOR $13.00 - $1.38/100G,Buonissimo Ham & Pineapple Pizza 470g,Add to cart,Save to list
$7.50,$2.50 / 100G,Nanna's Sweet Bites Cookie Dough Flavour 300g,Add to cart,Save to list
$5.50,$2.29 / 100G,Ho Mai Money Bags With Prawns 240g,Add to cart,Save to list
$30.00,$2.73 / 100G,Messina Tiramisu Dessert 1.1kg,Add to cart,Save to list
$9.50,$2.50 / 100G,Sara Lee Cookie Pies Double Choc Chip 4 Pack,Add to cart,Save to list
$9.50,$2.50 / 100G,Sara Lee Deluxe Snack Cookie Pies Chocolate & Salted Caramel 4 Pack,Add to cart,Save to list
OUT OF STOCK,Fry's Plant Based Smoked Hot Dogs 240g,Add to cart,Save to list
$8.00,$32.00 / 1KG,I&J Original Crumb Squid Pops 250g,Add to cart,Save to list
$7.00,$1.87 / 100G,Lean Cuisine Chicken Tikka Masala 375g,Add to cart,Save to list
$11.00,$2.39 / 100ML,Lick Ice Cream Condensed Milk Caramel 460ml,Add to cart,Save to list
$11.00,$2.39 / 100ML,Lick Ice Cream Macadamia Praline 460ml,Add to cart,Save to list
EVERYDAY LOW PRICE,$4.30,$4.78 / 1KG,McCain Superfries Straight Cut 900g,Promoted,Add to cart,Save to list
$12.00,$0.80 / 100G,Marathon Dim Sims 1.5kg,Promoted,Add to cart,Save to list
OUT OF STOCK,Borg's Mixed Berry Strudel 600g,Add to cart,Save to list
OUT OF STOCK,Messina Peanut Gelato 475mL,Add to cart,Save to list
OUT OF STOCK,Messina Super Flan Gelato Vanilla Custard 475mL,Add to cart,Save to list
OUT OF STOCK,On The Menu Moroccan Meat Balls 320G,Add to cart,Save to list
OUT OF STOCK,Pepe's Frozen Duck No. 23 2.3kg,Add to cart,Save to list
OUT OF STOCK,Pepe's Frozen Duck No25 2.5kg,Add to cart,Save to list
OUT OF STOCK,Temptation Bakeries Pies And Quiche Variety Pack 550g,Add to cart,Save to list
EST. RESTOCK 13/04/25,bubbleme minimelts Sorbet Balls Grape 72g,Add to cart,Save to list
EST. RESTOCK 12/04/25,bubbleme minimelts Sorbet Balls Kiwi 72g,Add to cart,Save to list
$7.00,$9.72 / 100G,bubbleme minimelts Sorbet Balls Mango 72g,Add to cart,Save to list
