Data
$0.86,$0.86 / 1EA,Cavendish Bananas Each,Add to cart,Save to list
$0.86,$0.86 / 1EA,Fresh Pink Lady Apples Each,Add to cart,Save to list
$0.65,$0.65 / 1EA,Fresh Tomato Each,Add to cart,Save to list
$1.17,$1.17 / 1EA,Lebanese Cucumbers Each,Add to cart,Save to list
$0.88,$0.88 / 1EA,Potato White Washed Each,Add to cart,Save to list
$0.59,$0.59 / 1EA,Onion Brown Each,Add to cart,Save to list
$1.73,$1.73 / 1EA,Red Capsicum Each,Add to cart,Save to list
$3.90,$15.60 / 1KG,Strawberries 250g Punnet,Add to cart,Save to list
$2.50,$2.50 / 1EA,Avocado Shepard Each,Add to cart,Save to list
$0.55,$0.55 / 1EA,Yellow Flesh Nectarines Each,Add to cart,Save to list
$0.88,$0.88 / 1EA,Apple Royal Gala Each,Add to cart,Save to list
$2.61,$2.61 / 1EA,Fresh Broccoli Each,Add to cart,Save to list
$0.97,$0.97 / 1EA,Truss Tomatoes Each,Add to cart,Save to list
$0.35,$0.35 / 1EA,Carrot Fresh Each,Add to cart,Save to list
$0.96,$0.96 / 1EA,Fresh Granny Smith Apples Each,Add to cart,Save to list
$4.00,$32.00 / 1KG,Blueberries Punnet 125g,Add to cart,Save to list
$1.18,$1.18 / 1EA,Green Zucchini Each,Add to cart,Save to list
$0.86,$0.86 / 1EA,Onion Red Each,Add to cart,Save to list
$1.56,$1.56 / 1EA,Sweet Potato Gold Each,Add to cart,Save to list
$3.00,$12.00 / 1KG,Woolworths Cherry Tomatoes Punnet 250g,Add to cart,Save to list
$1.80,$1.80 / 1EA,Woolworths Continental Cucumbers Each,Add to cart,Save to list
$4.00,$4.00 / 1EA,Iceberg Lettuce Each,Add to cart,Save to list
$0.69,$0.69 / 1EA,Yellow Flesh Peach Each,Add to cart,Save to list
$4.41,$4.41 / 1EA,White Seedless Grapes Bag Approx. 900g each,Add to cart,Save to list
$0.86,$0.86 / 1EA,Cavendish Bananas Each,Add to cart,Save to list
$0.86,$0.86 / 1EA,Fresh Pink Lady Apples Each,Add to cart,Save to list
$0.65,$0.65 / 1EA,Fresh Tomato Each,Add to cart,Save to list
$1.17,$1.17 / 1EA,Lebanese Cucumbers Each,Add to cart,Save to list
$0.88,$0.88 / 1EA,Potato White Washed Each,Add to cart,Save to list
$0.59,$0.59 / 1EA,Onion Brown Each,Add to cart,Save to list
$3.60,$3.60 / 1KG,Woolworths Onion Brown Bag 1kg,Add to cart,Save to list
$4.90,$4.90 / 1KG,Woolworths Fresh Pink Lady Apples Punnet 1kg,Add to cart,Save to list
$1.25,$1.25 / 1EA,Lime Fresh Each,Add to cart,Save to list
$4.50,$36.00 / 1KG,Raspberries Punnet 125g,Add to cart,Save to list
IN-STORE ONLY,The Odd Bunch Continental Cucumber Each,View similar,products,             to The Odd Bunch Continental Cucumber Each,Save to list
$7.00,$3.50 / 1KG,Woolworths Washed Potatoes Bag 2kg,Add to cart,Save to list
$2.90,$2.90 / 1EA,Mango Keitt Each,Add to cart,Save to list
$1.73,$1.73 / 1EA,Capsicum Green Each,Add to cart,Save to list
$0.88,$0.88 / 1EA,Potato Red Washed Each,Add to cart,Save to list
$1.70,$1.70 / 1KG,Woolworths Australian Grown Carrots 1Kg,Add to cart,Save to list
$1.56,$1.56 / 1EA,Lemon Fresh Each,Add to cart,Save to list
$3.50,$3.50 / 1EA,Bananas Kids 5 Pack,Add to cart,Save to list
$6.90,$6.90 / 1KG,Beans Round Per Kg,Add to cart,Save to list
$3.20,$3.20 / 1EA,Woolworths Fresh Herb Coriander Bunch,Add to cart,Save to list
$0.69,$0.69 / 1EA,Peach White Flesh Each,Add to cart,Save to list
$5.00,$17.86 / 1KG,Woolworths Baby Spinach Spinach 280g,Add to cart,Save to list
$2.36,$2.36 / 1EA,Woolworths Kiwi Fruit Green Each,Add to cart,Save to list
$0.59,$0.59 / 1EA,Orange Valencia Each,Add to cart,Save to list
$1.75,$1.75 / 1EA,Pumpkin Kent Cut Each,Add to cart,Save to list
$1.17,$1.17 / 1EA,Macro Organic Banana Each,Add to cart,Save to list
$2.80,$2.80 / 1EA,Woolworths Butternut Pumpkin Cut Each,Add to cart,Save to list
$1.21,$1.21 / 1EA,Jazz Apple Each,Add to cart,Save to list
$0.47,$0.47 / 1EA,Plum Red Each,Add to cart,Save to list
$3.00,$3.00 / 1EA,Celery Fresh Bunch,Add to cart,Save to list
$3.00,$12.00 / 1KG,Mini-Roma Tomato 250g Punnet,Add to cart,Save to list
$1.05,$1.05 / 1EA,Potato Brushed Each,Add to cart,Save to list
$3.60,$3.60 / 1EA,Red Seedless Grapes Bag Approx. 900g each,Add to cart,Save to list
$0.65,$0.65 / 1EA,Onion Shallot French Each,Add to cart,Save to list
$1.70,$1.13 / 1KG,The Odd Bunch Carrots 1.5kg,Add to cart,Save to list
$4.50,$4.50 / 1KG,Woolworths White Washed Baby Potatoes Bag 1kg,Add to cart,Save to list
$4.00,$20.00 / 1KG,Woolworths White Cup Sliced Mushroom Punnet 200g,Add to cart,Save to list
$2.95,$2.95 / 1EA,Fresh Cauliflower Half Each,Add to cart,Save to list
$2.00,$33.33 / 1KG,Woolworths Baby Spinach 60g,Add to cart,Save to list
EVERYDAY LOW PRICE,$2.00,$10.00 / 1KG,Woolworths Lettuce Iceberg Shredded Lettuce 200g,Add to cart,Save to list
$29.00,$29.00 / 1KG,Ginger Fresh Per Kg,Add to cart,Save to list
$3.50,$3.50 / 1EA,Bananas Kids 5 Pack,Add to cart,Save to list
$6.90,$6.90 / 1KG,Beans Round Per Kg,Add to cart,Save to list
$3.20,$3.20 / 1EA,Woolworths Fresh Continental Parsley Bunch,Add to cart,Save to list
$1.06,$1.06 / 1EA,Banana Red Tipped Each,Add to cart,Save to list
$5.90,$11.80 / 1KG,The Odd Bunch Strawberries Punnet 500g,Add to cart,Save to list
$0.60,$0.60 / 1EA,Woolworths Red Cayenne Chilli (Medium) Each,Add to cart,Save to list
$6.00,$4.00 / 1KG,Spud Lite Prepack Potato 1.5kg,Add to cart,Save to list
$3.00,$0.60 / 1EA,Woolworths Fresh Food Kids Mini Apples 5 Pack,Add to cart,Save to list
$5.50,$18.33 / 1KG,Sweetest Batch® Premium Strawberries 300g Punnet,Add to cart,Save to list
$4.90,$39.20 / 1KG,Blackberries Punnet 125g,Add to cart,Save to list
$1.80,$3.60 / 1KG,Woolworths Baby Carrots 500g,Add to cart,Save to list
$3.20,$3.20 / 1EA,Woolworths Fresh Continental Parsley Bunch,Add to cart,Save to list
$3.00,$10.00 / 1KG,Woolworths Finely Shredded Coleslaw 300g,Add to cart,Save to list
EST. RESTOCK 05/03/25,Woolworths Gourmet Tomatoes Punnet 1kg,View similar,products,             to Woolworths Gourmet Tomatoes Punnet 1kg,Save to list
LOWER AUTUMN PRICE,$2.50,$20.83 / 1KG,WAS $3 - 25/02/2025,Woolworths Baby Spinach & Rocket 120g,Add to cart,Save to list
$2.90,$2.90 / 1EA,Leek Fresh Each,Add to cart,Save to list
$3.50,$3.50 / 1EA,Woolworths Lettuce Oakleaf Green Each,Add to cart,Save to list
$7.50,$16.67 / 1KG,Strawberries 450g Punnet,Add to cart,Save to list
$3.00,$10.00 / 1KG,Woolworths Finely Shredded Coleslaw 300g,Add to cart,Save to list
EST. RESTOCK 05/03/25,Woolworths Gourmet Tomatoes Punnet 1kg,View similar,products,             to Woolworths Gourmet Tomatoes Punnet 1kg,Save to list
LOWER AUTUMN PRICE,$2.50,$20.83 / 1KG,WAS $3 - 25/02/2025,Woolworths Baby Spinach & Rocket 120g,Add to cart,Save to list
$5.50,$15.71 / 1KG,Woolworths Asian Style Salad Kit 350g,Add to cart,Save to list
$8.90,$1.78 / 1EA,Woolworths Orange Navel 5 Pack,Add to cart,Save to list
$5.00,$16.67 / 1KG,Woolworths Baby Leaf Mix With Carrot 300g,Add to cart,Save to list
$3.00,$24.00 / 1KG,Tomberry Tomatoes 125g,Add to cart,Save to list
SAVE $4.00,$20.00,$24.00 - $20.00 / 1KG,Fresh Medjool Dates Loose Per Kg,Add to cart,Save to list
OUT OF STOCK,Beetroot Loose Each,View similar,products,             to Beetroot Loose Each,Save to list
$13.50,$13.50 / 1KG,Mushrooms Flat Large MIN. 350G,Add to cart,Save to list
$5.50,$15.71 / 1KG,Woolworths Asian Style Salad Kit 350g,Add to cart,Save to list
$2.75,$2.75 / 1EA,Naturally Sweet Pineapple Half Each,Add to cart,Save to list
$5.50,$11.46 / 1KG,Select Gourmet Tomatoes 480g Punnet,Add to cart,Save to list
$4.50,$22.50 / 1KG,Woolworths Mushrooms Button 200g Punnet,Add to cart,Save to list
$3.20,$2.13 / 10G,Woolworths Dill Fresh Herb 15g,Add to cart,Save to list
$4.00,$23.53 / 1KG,Woolworths Lettuce Gourmet Leaf Mix 170g,Add to cart,Save to list
$3.90,$7.80 / 1KG,Woolworths Corn Sweet 500g Pack,Add to cart,Save to list
$9.90,$1.24 / 1EA,Woolworths Kiwi Fruit Green 8 Pack,Add to cart,Save to list
$4.40,$5.87 / 1KG,Macro Organic Carrots 750g,Add to cart,Save to list
IN-STORE ONLY,Woolworths Sweet Potato Mini Gold Prepacked 300g,View similar,products,             to Woolworths Sweet Potato Mini Gold Prepacked 300g,Save to list
$3.20,$3.20 / 10G,Woolworths Thyme Fresh Herb 10g Punnet,Add to cart,Save to list
$5.00,$10.00 / 1KG,Woolworths Diced Pumpkin & Sweet Potato 500g,Add to cart,Save to list
OUT OF STOCK,The Odd Bunch Lebanese Cucumber Punnet 750g,View similar,products,             to The Odd Bunch Lebanese Cucumber Punnet 750g,Save to list
EVERYDAY LOW PRICE,$2.00,$16.67 / 1KG,Woolworths Leafy Mix Salad 120g,Add to cart,Save to list
$5.00,$28.57 / 1KG,Woolworths Sweet Baby Vine Capsicum 175g,Add to cart,Save to list
$5.00,$3.33 / 1KG,Woolworths Lower Carb Potatoes 1.5kg,Add to cart,Save to list
OUT OF STOCK,Woolworths Little Gem Lettuce Green 2 Pack,View similar,products,             to Woolworths Little Gem Lettuce Green 2 Pack,Save to list
$5.50,$3.44 / 100G,Avofresh Smashed Avocado 160g,Add to cart,Save to list
$4.50,$18.00 / 1KG,Woolworths Truss Cocktail Tomato Punnet 250g,Add to cart,Save to list
$13.50,$13.50 / 1KG,Mushroom Portobello Flat Large MIN. 200G,Add to cart,Save to list
$4.50,$45.00 / 1KG,Macro Certified Organic Baby Spinach 100g,Add to cart,Save to list
EST. RESTOCK 05/03/25,Cotton Candy™ Grapes 400g,View similar,products,             to Cotton Candy™ Grapes 400g,Save to list
$5.30,$7.07 / 1KG,The Odd Bunch Lemons 750g,Add to cart,Save to list
OUT OF STOCK,Candy Snaps™ Grapes 400g,View similar,products,             to Candy Snaps™ Grapes 400g,Save to list
$3.20,$3.20 / 10G,Woolworths Rosemary Fresh Herb 10g Punnet,Add to cart,Save to list
EST. RESTOCK 05/03/25,Woolworths 3 Colour Traffic Light Capsicums 3 Pack,View similar,products,             to Woolworths 3 Colour Traffic Light Capsicums 3 Pack,Save to list
$5.90,$24.58 / 1KG,Woolworths Green Goodness Salad Bowl 240g,Add to cart,Save to list
$4.50,$10.00 / 1KG,Woolworths American Style Slaw Kit 450g,Add to cart,Save to list
SAVE $1.00,$8.50,$9.50 - $37.78 / 1KG,Golden Palm Medjool Dates 225g Punnet,Add to cart,Save to list
EST. RESTOCK 05/03/25,Cotton Candy™ Grapes 400g,View similar,products,             to Cotton Candy™ Grapes 400g,Save to list
$7.20,$7.20 / 1EA,Pumpkin Butternut Whole Each,Add to cart,Save to list
$2.90,$2.90 / 1EA,Woolworths Baby Buk Choy Asian Greens Each,Add to cart,Save to list
$25.52,$25.52 / 1EA,Red Seedless Watermelon Whole Each,Add to cart,Save to list
$5.50,$27.50 / 1KG,Woolworths Mushrooms Swiss Brown Sliced 200g Punnet,Add to cart,Save to list
$14.90,$14.90 / 1KG,Woolworths Brussels Sprouts PER KG,Add to cart,Save to list
OUT OF STOCK,Fresh Fennel Each,Add to cart,Save to list
$5.50,$15.71 / 1KG,Woolworths Cranberry & Kaleslaw Kit 350g,Add to cart,Save to list
OUT OF STOCK,Passionfruit Panama Each,Add to cart,Save to list
OUT OF STOCK,Sweet Delight Tomatoes 200g,View similar,products,             to Sweet Delight Tomatoes 200g,Save to list
$2.90,$2.90 / 1EA,Woolworths Baby Buk Choy Asian Greens Each,Add to cart,Save to list
$3.00,$12.00 / 1KG,Woolworths Whole Fresh Beetroot 250g,Add to cart,Save to list
SAVE $0.40,$1.60,$2.00 - $10.67 / 1KG,Woolworths Washed & Ready To Cook Broccoli Florets 150g,Add to cart,Save to list
$4.00,$4.00 / 1EA,Macro Organic Herb Coriander Bunch Each,Add to cart,Save to list
$3.20,$1.07 / 10G,Woolworths Lemongrass Fresh Herb 30g Punnet,Add to cart,Save to list
EST. RESTOCK 06/03/25,Swedes Fresh Each,Add to cart,Save to list
$5.50,$3.44 / 100G,Avofresh Avocado Lime & Black Pepper Tube 160G,Add to cart,Save to list
$3.50,$8.75 / 1KG,Woolworths Cook Stir Fry Mix Rainbow Vegetables 400g,Add to cart,Save to list
$3.20,$3.20 / 10G,Woolworths Kaffir Lime Leaf Fresh Herb 10g Punnet,Add to cart,Save to list
OUT OF STOCK,Macro Organic Avocado Each,View similar,products,             to Macro Organic Avocado Each,Save to list
OUT OF STOCK,Woolworths Brussel Sprouts Prepack 500g Punnet,View similar,products,             to Woolworths Brussel Sprouts Prepack 500g Punnet,Save to list
$4.90,$24.50 / 1KG,Macro Organic Round Beans 200g,Add to cart,Save to list
$4.00,$10.00 / 10G,Gourmet Garden Lightly Dried Chives 4g,Add to cart,Save to list
$1.18,$1.18 / 1EA,Fresh Corella Pear Each,Add to cart,Save to list
$4.00,$0.50 / 10G,Gourmet Garden Paste Basil 80g,Add to cart,Save to list
$6.50,$15.29 / 1KG,Macro Organic Corn Cobettes Pre-Pack 425g,Add to cart,Save to list
$1.21,$1.21 / 1EA,Kanzi Apple Each,Add to cart,Save to list
OUT OF STOCK,Woolworths Little Gem Lettuce Combo 2 Pack,View similar,products,             to Woolworths Little Gem Lettuce Combo 2 Pack,Save to list
IN-STORE ONLY,Macro Organic Sweet Potato Each,View similar,products,             to Macro Organic Sweet Potato Each,Save to list
$8.90,$5.93 / 1KG,Macro Organic Valencia Oranges 1.5kg Bag,Add to cart,Save to list
OUT OF STOCK,Gourmet Garden Mint Lightly Dried 5g,View similar,products,             to Gourmet Garden Mint Lightly Dried 5g,Save to list
$0.80,$0.80 / 1EA,Plum Pluto Red Flesh each,Add to cart,Save to list
EST. RESTOCK 05/03/25,Golden Palm Medjool Dates Roll With Coconut Punnet 225g,View similar,products,             to Golden Palm Medjool Dates Roll With Coconut Punnet 225g,Save to list
OUT OF STOCK,Woolworths Yellow Squash 250g Punnet,Add to cart,Save to list
$1.42,$1.42 / 1EA,Fresh Papple Each,Add to cart,Save to list
$4.00,$23.53 / 1KG,Woolworths Gourmet Baby Kale Leaf Mix 170g,Add to cart,Save to list
$5.50,$5.50 / 1EA,Macro Fresh Cauliflower Half Organic Each,Add to cart,Save to list
EST. RESTOCK 07/03/25,Macro Fresh Plum Organic 500g Punnet,Add to cart,Save to list
$3.30,$25.38 / 1KG,Birch & Waite Belgian Chocolate Dessert Sauce 130g,Add to cart,Save to list
OUT OF STOCK,Woolworths Fresh Pineapple 200G,View similar,products,             to Woolworths Fresh Pineapple 200G,Save to list
$6.80,$6.80 / 1EA,Cabbage Red Whole Each,Add to cart,Save to list
OUT OF STOCK,Macro Fresh Celery Heart Organic Each,View similar,products,             to Macro Fresh Celery Heart Organic Each,Save to list
$5.90,$23.60 / 1KG,Woolworths Asian Salad Kit Tub 250g,Add to cart,Save to list
$2.14,$2.14 / 1EA,Fresh Brown Nashi Pear Each,Add to cart,Save to list
$5.90,$5.90 / 1EA,Melon Orange Candy Each,Add to cart,Save to list
$7.00,$1.47 / 100G,Woolworths Roasted Garlic Mash 475g,Add to cart,Save to list
OUT OF STOCK,Rhubarb Fresh Bunch,Add to cart,Save to list
$6.90,$46.00 / 1KG,Woolworths Mushrooms Oyster 150g Punnet,Add to cart,Save to list
$5.50,$11.00 / 1KG,Spanish Onion Red Organic 500g,Add to cart,Save to list
$2.95,$2.95 / 1EA,Cabbage Sugarloaf Half Each,Add to cart,Save to list
$4.00,$4.00 / 10G,Gourmet Garden Chilli Lightly Dried 10g Sachet,Add to cart,Save to list
$5.50,$11.00 / 1KG,Macro Purple Carrot Organic 500g,Add to cart,Save to list
$5.00,$14.29 / 1KG,Woolworths Carrot Corn & Beans 350g,Add to cart,Save to list
OUT OF STOCK,Woolworths Fruit Platter 400g,Add to cart,Save to list
OUT OF STOCK,Woolworths Good To Go Seasonal Fruit Salad 200g,Add to cart,Save to list
OUT OF STOCK,Passionfruit 6 Pack,Add to cart,Save to list
$3.90,$111.43 / 1KG,Woolworths Habanero Chilli Hot 35g Punnet,Add to cart,Save to list
$3.90,$48.75 / 1KG,Woolworths Jalapeno Chilli (Medium) 80g Punnet,Add to cart,Save to list
$4.00,$0.50 / 10G,Gourmet Garden Paste Italian 80g,Add to cart,Save to list
$3.90,$78.00 / 1KG,Woolworths Green Cayenne Chilli (Mild) 50g Punnet,Add to cart,Save to list
OUT OF STOCK,Woolworths Organic Tomato Truss 500g,View similar,products,             to Woolworths Organic Tomato Truss 500g,Save to list
$5.50,$11.00 / 1KG,Crumbed Parmesan Potatoes 500g,Add to cart,Save to list
OUT OF STOCK,Macro Organic Kale Each,View similar,products,             to Macro Organic Kale Each,Save to list
$4.50,$11.25 / 1KG,Woolworths Cook Simmer Veggie Mix 400g,Add to cart,Save to list
OUT OF STOCK,Fresh Chokoes Each,Add to cart,Save to list
OUT OF STOCK,Woolworths Good To Go Fresh Rockmelon 200g,Add to cart,Save to list
$4.50,$4.50 / 1EA,Coco Q Green Drinking Coconut Each,Add to cart,Save to list
$10.00,$16.67 / 1KG,Just Cook Onion Rings 600g,Add to cart,Save to list
$5.00,$12.50 / 1KG,Woolworths COOK Stir Fry Kit With Teriyaki Sauce Sachet 400g,Add to cart,Save to list
OUT OF STOCK,Perfection Freshly Cut Watermelon & Mint 220g,Add to cart,Save to list
IN-STORE ONLY,Woolworths COOK Soup Kit Chicken Flavoured Veg 450g,View similar,products,             to Woolworths COOK Soup Kit Chicken Flavoured Veg 450g,Save to list
OUT OF STOCK,Ambrosia Apple Punnet 1kg,Add to cart,Save to list
$12.00,$12.00 / 1EA,Pumpkin Jarrahdale Whole Each,Add to cart,Save to list
IN-STORE ONLY,Organic Red Capsicum 400g,View similar,products,             to Organic Red Capsicum 400g,Save to list
OUT OF STOCK,Melonball Each,View similar,products,             to Melonball Each,Save to list
$5.00,$10.00 / 1KG,Woolworths Peanuts Boiled 500g Pack,Add to cart,Save to list
$7.50,$10.00 / 1KG,Woolworths Washed & Ready To Cook Mixed Rainbow Vegetables 750g,Add to cart,Save to list
OUT OF STOCK,Woolworths Good To Go Seasonal Melon Mix 200g,Add to cart,Save to list
OUT OF STOCK,Macro Organic Snow Peas 125g Pack,Add to cart,Save to list
OUT OF STOCK,Woolworths Pomegranate Fresh Each,Add to cart,Save to list
OUT OF STOCK,Macro Organic Green Capsicum 400g,View similar,products,             to Macro Organic Green Capsicum 400g,Save to list
$8.50,$37.44 / 1KG,Natural Delights Mini Medjools Cacao Pecan 227g,Add to cart,Save to list
OUT OF STOCK,Artichoke Globe Large Each,Add to cart,Save to list
OUT OF STOCK,Lettuce Cos Hearts Combo 2 Pack,View similar,products,             to Lettuce Cos Hearts Combo 2 Pack,Save to list
$8.50,$37.44 / 1KG,Natural Delights Mini Medjools Sweet & Salty Almond 227g,Add to cart,Save to list
OUT OF STOCK,Golden Palm Medjool Dates Whole 5kg,Add to cart,Save to list
OUT OF STOCK,Pomlife Pomegranate Arils Punnet 75g,Add to cart,Save to list
OUT OF STOCK,Zespri Kiwi Fruit Gold 8 Pack,View similar,products,             to Zespri Kiwi Fruit Gold 8 Pack,Save to list
OUT OF STOCK,Melon De Sapo Each,View similar,products,             to Melon De Sapo Each,Save to list
IN-STORE ONLY,Macro Organic Silverbeet Rainbow Each,View similar,products,             to Macro Organic Silverbeet Rainbow Each,Save to list
OUT OF STOCK,Macro Organic Mini Capsicum Each,View similar,products,             to Macro Organic Mini Capsicum Each,Save to list
OUT OF STOCK,Macro Organic Nectarine 500g,Add to cart,Save to list
OUT OF STOCK,Macro Organic Yellow Peaches Pre Packed 500g,View similar,products,             to Macro Organic Yellow Peaches Pre Packed 500g,Save to list
OUT OF STOCK,Macro Prepack Mandarin 750g,View similar,products,             to Macro Prepack Mandarin 750g,Save to list
OUT OF STOCK,Macro Sugar Plum Organic 500g,Add to cart,Save to list
OUT OF STOCK,Perfection Fruit Duo Fresh Cut 200g,Add to cart,Save to list
OUT OF STOCK,Bambino Sweet Baby Cabbage 2 Pack,Add to cart,Save to list
OUT OF STOCK,Fioretto Cauli Blossom 150g,Add to cart,Save to list
OUT OF STOCK,Montague Sparkling Apple Juice 300ml x4 Pack,Add to cart,Save to list
OUT OF STOCK,Sweet Nectar™ Grapes 400g,Add to cart,Save to list
OUT OF STOCK,Woolworths,Add to cart,Save to list
OUT OF STOCK,Woolworths Achacha Fruit Loose Each,Add to cart,Save to list
OUT OF STOCK,Woolworths Fresh Mango 4 Pack,Add to cart,Save to list
OUT OF STOCK,Woolworths Fresh Mini Asparagus Each,Add to cart,Save to list
