Data
SAVE $1.00,$7.50,$8.50 - $37.50 / 1KG,Mt Barker Free Range Roasted Shredded Chicken 200g,Promoted,Add to cart,Save to list
SAVE $0.50,$4.50,$5.00 - $2.25 / 100G,Nuffin Fetta & Cracked Pepper Dip 200g,Promoted,Add to cart,Save to list
SAVE $3.05,$11.95,$15.00 - $40.51 / 1KG,Tasmanian Heritage 3 Cheese Selection 295g,Promoted,Add to cart,Save to list
SAVE $1.00,$7.50,$8.50 - $34.09 / 1KG,Mt Barker Free Range Roasted Carved Chicken Breast 220g,Promoted,Add to cart,Save to list
LOWER AUTUMN PRICE,$21.00,$21.00 / 1KG,RANGE WAS $23.50KG - 25/02/2025,Champagne Leg Ham Shaved From The Deli Per Kg,Add to cart,Save to list
$19.00,$19.00 / 1KG,From the Deli Middle Bacon Rashers From The Deli Per Kg,Add to cart,Save to list
SAVE $2.00,$24.00,$26.00 - $24.00 / 1KG,D'Orsogna Ham Leg Triple Smoked 97% Fat Free Shaved 1kg,Add to cart,Save to list
$19.50,$19.50 / 1KG,Deli Leg Ham Shaved From The Deli Per Kg,Add to cart,Save to list
$23.00,$23.00 / 1KG,D'Orsogna Plain Streaky Bacon From The Deli Per Kg,Add to cart,Save to list
$27.00,$27.00 / 1KG,D'Orsogna Chorizo From The Deli Per Kg,Add to cart,Save to list
SAVE $1.85,$5.65,$7.50 - $45.20 / 1KG,Tasmanian Heritage Triple Cream Oval Brie Cheese 125G,Promoted,Add to cart,Save to list
SAVE $1.00,$7.50,$8.50 - $34.09 / 1KG,Mt Barker Free Range Peri Peri Diced Chicken Breast 220g,Promoted,Add to cart,Save to list
SAVE $2.50,$6.20,$8.70 - $34.44 / 1KG,Mersey Valley Classic Cheddar Cheese Block 180g,Promoted,Add to cart,Save to list
SAVE $2.50,$6.20,$8.70 - $34.44 / 1KG,Mersey Valley Original Vintage Cheddar Cheese Block 180g,Promoted,Add to cart,Save to list
EVERYDAY LOW PRICE,$3.00,$6.67 / 1KG,Macro Firm Tofu 450g,4.4,/,1186,Add to cart,Save to list
SAVE $6.00,$15.00,$21.00 - $15.00 / 1KG,D'Orsogna Shortcut Bacon Per Kg,Add to cart,Save to list
$13.00,$13.00 / 1KG,Woolworths Shortcut Bacon 1kg,4.8,/,584,Add to cart,Save to list
$26.00,$26.00 / 1KG,D'Orsogna Honey Ham Shaved From The Deli Per kg,Add to cart,Save to list
$36.00,$36.00 / 1KG,KRC Hungarian Salami Mild Shaved From The Deli Per Kg,Add to cart,Save to list
$29.50,$29.50 / 1KG,Moira Mac's Oven Roasted Chicken Breast Shredded From The Deli Per Kg,Add to cart,Save to list
LOWER AUTUMN PRICE,$21.00,$21.00 / 1KG,RANGE WAS $23.50KG - 25/02/2025,Champagne Leg Ham Sliced From The Deli Per Kg,Add to cart,Save to list
SAVE $2.00,$27.00,$29.00 - $27.00 / 1KG,Ingham's Oven Roasted Turkey Breast Shaved From The Deli Per Kg,Add to cart,Save to list
$2.30,$0.51 / 100G,Global Bakehouse Value Garlic Bread 225g x 2 pack,Add to cart,Save to list
$35.00,$35.00 / 1KG,Bertocchi Premium Boneless Leg Ham Shaved From The Deli Per Kg,Add to cart,Save to list
SAVE $1.60,$7.90,$9.50 - $7.90 / 1KG,Don Cocktail Frankfurts From The Deli Per Kg,Add to cart,Save to list
$9.50,$9.50 / 1KG,Hans Devon Sliced Per Kg,Add to cart,Save to list
$31.00,$31.00 / 1KG,D'Orsogna Tasty Sticks Mild From The Deli Per Kg,Add to cart,Save to list
$13.00,$13.00 / 1KG,Woolworths Middle Bacon 1kg,4.7,/,356,Add to cart,Save to list
$4.50,$36.00 / 1KG,Perfect Italiano Parmesan Cheese Grated 125g,Add to cart,Save to list
EVERYDAY LOW PRICE,$4.70,$15.67 / 1KG,Primo Diced Bacon Pieces Cook & Create Twin Pack 300g,Add to cart,Save to list
$3.95,$39.50 / 1KG,2 FOR $6.70 - $33.50/1KG,Primo Champagne Ham Sliced 100g,4.0,/,1,Add to cart,Save to list
$4.40,$22.00 / 1KG,Woolworths Short Cut Bacon 200g,4.6,/,456,Add to cart,Save to list
SAVE $1.00,$7.50,$8.50 - $37.50 / 1KG,Mt Barker Free Range Roasted Shredded Chicken 200g,Promoted,Add to cart,Save to list
SAVE $0.50,$4.50,$5.00 - $2.25 / 100G,Nuffin Fetta & Cracked Pepper Dip 200g,Promoted,Add to cart,Save to list
SAVE $1.60,$7.90,$9.50 - $7.90 / 1KG,Don Thin Frankfurts From The Deli Per Kg,Add to cart,Save to list
SAVE $1.00,$3.50,$4.50 - $2.80 / 100G,Obela Hi-Protein To Go Jalapeno Hommus 125g,Promoted,Add to cart,Save to list
$20.00,$47.62 / 1KG,Tasmanian Heritage 4 Cheese Selection 420g,Promoted,Add to cart,Save to list
$4.30,$2.15 / 100G,SSS Foods White Bean Garlic & Basil Dip 200g,Promoted,Add to cart,Save to list
SAVE $1.85,$5.65,$7.50 - $45.20 / 1KG,Tasmanian Heritage Oval Camembert Cheese 125g,Promoted,Add to cart,Save to list
$6.40,$25.60 / 1KG,Woolworths Shredded Parmesan Cheese 250g,Add to cart,Save to list
$3.95,$49.38 / 1KG,2 FOR $6.70 - $41.88/1KG,Primo Pepperoni Thinly Sliced 80g,Add to cart,Save to list
SAVE $8.00,$29.00,$37.00 - $29.00 / 1KG,D'Orsogna Premium Ham Off The Bone Shaved From The Deli Per Kg,Add to cart,Save to list
EVERYDAY LOW PRICE,$2.50,$25.00 / 1KG,Mayfair Hungarian Salami Mild 100g,Add to cart,Save to list
EVERYDAY LOW PRICE,$7.55,$15.10 / 1KG,Riverland Ham Sliced Quad Pack 500g,Add to cart,Save to list
$4.50,$36.00 / 1KG,Perfect Italiano Parmesan Cheese Grated Extra Sharp 125g,5.0,/,1,Add to cart,Save to list
SAVE $6.50,$26.00,$32.50 - $26.00 / 1KG,Don Melosi Leg Ham Shaved From The Deli per kg,Add to cart,Save to list
$3.95,$49.38 / 1KG,2 FOR $6.70 - $41.88/1KG,Primo Turkey Breast Sliced 80g,Add to cart,Save to list
$9.90,$42.13 / 1KG,Mersey Valley Classic Cheddar Cheese Block 235g,Promoted,Add to cart,Save to list
$11.95,$59.75 / 1KG,Tasmanian Heritage Camembert Cheese 200g,4.0,/,1,• Promoted,Add to cart,Save to list
$9.90,$42.13 / 1KG,Mersey Valley Original Cheddar Cheese Block 235g,Promoted,Add to cart,Save to list
SAVE $1.00,$3.50,$4.50 - $2.80 / 100G,Obela Hi Protein Hommus To Go 125g,Promoted,Add to cart,Save to list
$8.25,$16.50 / 1KG,Woolworths Shortcut Bacon 500g,4.6,/,884,Add to cart,Save to list
$8.80,$27.50 / 1KG,D'orsogna Leg Ham Shaved 4 Pack,4.0,/,1,Add to cart,Save to list
$36.00,$36.00 / 1KG,K R Castlemaine Hungarian Salami Mild Sliced From The Deli Per Kg,Add to cart,Save to list
$4.50,$2.25 / 100G,2 FOR $7.00 - $1.75/100G,Chris' Traditional French Onion 200g,Add to cart,Save to list
$27.00,$27.00 / 1KG,Primo Corned Beef Silverside Sliced From The Deli Per kg,Add to cart,Save to list
$42.00,$42.00 / 1KG,Bertocchi Soppressa Salami Mild Sliced From The Deli Per Kg,Add to cart,Save to list
$6.00,$1.60 / 100G,Latina Fresh Lasagne Sheets Sheets 375g,Add to cart,Save to list
$4.50,$2.25 / 100G,Yumi's Traditional Middle Eastern Hommus Dip 200g,Add to cart,Save to list
$26.00,$26.00 / 1KG,D'Orsogna Honey Ham Sliced From The Deli Per kg,Add to cart,Save to list
$2.60,$1.30 / 100G,Willow Farm Dip Hommus 200g,Add to cart,Save to list
$8.80,$36.67 / 1KG,D'Orsogna Hungarian Salami 4 Pack,4.5,/,2,Add to cart,Save to list
$29.50,$29.50 / 1KG,Moira Mac's Marinated Bbq Chicken Breast Sliced Per Kg,Add to cart,Save to list
$11.95,$59.75 / 1KG,Tasmanian Heritage Double Brie Cheese 200g,Promoted,Add to cart,Save to list
SAVE $1.60,$5.00,$6.60 - $25.00 / 1KG,Don Leg Ham Shaved 200g,Add to cart,Save to list
$6.40,$25.60 / 1KG,Woolworths Shaved Parmesan 250g,4.6,/,924,Add to cart,Save to list
EVERYDAY LOW PRICE,$4.70,$15.67 / 1KG,Primo Shredded Ham Cook & Create Twin Pack 300g,Add to cart,Save to list
$5.70,$28.50 / 1KG,Don Premium Real Diced Bacon 200g,Add to cart,Save to list
$9.90,$42.13 / 1KG,Mersey Valley Classic Cheddar Cheese Block 235g,Promoted,Add to cart,Save to list
$11.95,$59.75 / 1KG,Tasmanian Heritage Double Brie Cheese 200g,Promoted,Add to cart,Save to list
LOWER AUTUMN PRICE,$5.50,$24.44 / 1KG,RANGE WAS $6.50 - 25/02/2025,Yumi's Original Falafel Balls 225g,5.0,/,1,Add to cart,Save to list
$4.50,$2.25 / 100G,2 FOR $7.00 - $1.75/100G,Chris' Dips Avocado 200g,Add to cart,Save to list
$4.50,$2.25 / 100G,Yumi's Avocado Dip 200g,Add to cart,Save to list
$3.50,$29.17 / 1KG,Woolworths Kalamata Pitted Olives In Italian Vinegar 120g,4.5,/,337,Add to cart,Save to list
$4.50,$2.25 / 100G,2 FOR $7.00 - $1.75/100G,Chris' Dips Spring Onion 200g,4.0,/,1,Add to cart,Save to list
$6.90,$34.50 / 1KG,Woolworths Parmesan Cheese Block 200g,4.5,/,818,Add to cart,Save to list
$8.00,$1.67 / 100G,La Famiglia Garlic Bread Sourdough 480g,Add to cart,Save to list
SAVE $1.00,$7.50,$8.50 - $34.09 / 1KG,Mt Barker Free Range Roasted Carved Chicken Breast 220g,Add to cart,Save to list
SAVE $1.50,$4.00,$5.50 - $1.82 / 100G,Obela Tzatziki Dip Classic 220g,Add to cart,Save to list
$3.95,$39.50 / 1KG,2 FOR $6.70 - $33.50/1KG,Primo English Style Sliced Leg Ham 100g,4.0,/,1,Add to cart,Save to list
$6.50,$1.30 / 100G,Yumi's Traditional Middle Eastern Hommus 500g,Add to cart,Save to list
$5.70,$57.00 / 1KG,Don Salami Sliced Pepperoni 100g,Add to cart,Save to list
$38.00,$38.00 / 1KG,Jarlsberg Sliced Cheese Per Kg,Add to cart,Save to list
EVERYDAY LOW PRICE,$3.50,$2.06 / 100G,La Famiglia Garlic Bread Just For 2 170g,Add to cart,Save to list
SAVE $0.50,$3.50,$4.00 - $2.80 / 100G,Obela Hommus To Go Classic & Sakata Crackers 125g,5.0,/,1,Add to cart,Save to list
EVERYDAY LOW PRICE,$2.00,$0.80 / 100G,Picasso Kitchen Pizza Dough Ball 250G,Add to cart,Save to list
$22.50,$22.50 / 1KG,Primo Kransky Double Smoked From The Deli Per Kg,Add to cart,Save to list
SAVE $1.60,$5.00,$6.60 - $25.00 / 1KG,Don Thinly Sliced English Ham 200g,Add to cart,Save to list
LOWER AUTUMN PRICE,$3.50,$1.94 / 100G,RANGE WAS $4 - 25/02/2025,Chris' Homestyle Dip & Spread Tzatziki 3 Pack,Add to cart,Save to list
$11.95,$2.66 / 100G,2 FOR $20.00 - $2.22/100G,My Muscle Chef Chipotle Chick Burrito Bowl Chilled Meal 450g,5.0,/,1,Add to cart,Save to list
$11.95,$3.51 / 100G,2 FOR $20.00 - $2.94/100G,My Muscle Chef Crumbed Chicken Roasted Potatoes Chilled Meal 340g,Add to cart,Save to list
EVERYDAY LOW PRICE,$5.00,$1.25 / 100G,La Famiglia Garlic Bread 400g,Add to cart,Save to list
$3.80,$2.11 / 100G,Obela Smooth Classic Hommus To Go Singles 60g x3 Pack,Add to cart,Save to list
$8.00,$19.05 / 1KG,Moira Mac's Ready To Eat Shredded Chicken 420g,4.0,/,2,Add to cart,Save to list
SAVE $1.00,$7.50,$8.50 - $37.50 / 1KG,Mt Barker Free Range Roasted Shredded Chicken 200g,Promoted,Add to cart,Save to list
SAVE $0.50,$4.50,$5.00 - $2.25 / 100G,Nuffin Fetta & Cracked Pepper Dip 200g,Promoted,Add to cart,Save to list
SAVE $3.05,$11.95,$15.00 - $40.51 / 1KG,Tasmanian Heritage 3 Cheese Selection 295g,Promoted,Add to cart,Save to list
SAVE $1.00,$7.50,$8.50 - $34.09 / 1KG,Mt Barker Free Range Roasted Carved Chicken Breast 220g,Promoted,Add to cart,Save to list
SAVE $1.70,$6.50,$8.20 - $32.50 / 1KG,D'Orsogna Tasty Sticks Mild 200g,Add to cart,Save to list
$7.50,$25.00 / 1KG,Vegie Delights Plant Based Vegie Sausages 300g,Add to cart,Save to list
$4.50,$2.25 / 100G,2 FOR $7.00 - $1.75/100G,Chris' Dips Cheese & Chive 200g,Add to cart,Save to list
$5.80,$1.45 / 100G,Woolworths Creamy Pasta Salad 400g,Add to cart,Save to list
$4.00,$1.60 / 100G,Woolworths Classic Coleslaw 250g,Add to cart,Save to list
SAVE $4.00,$37.00,$41.00 - $37.00 / 1KG,Pastoral Rare Roast Beef Sliced From The Deli Per kg,Add to cart,Save to list
$3.95,$49.38 / 1KG,2 FOR $6.70 - $41.88/1KG,Primo Pastrami Sliced 80g,Add to cart,Save to list
$3.95,$39.50 / 1KG,2 FOR $6.70 - $33.50/1KG,Primo Manuka Honey Sliced Leg Ham 100g,Add to cart,Save to list
SAVE $1.00,$7.50,$8.50 - $37.50 / 1KG,Mt Barker Free Range Roasted Shredded Chicken 200g,Promoted,Add to cart,Save to list
$9.90,$42.13 / 1KG,Mersey Valley Classic Cheddar Cheese Block 235g,Promoted,Add to cart,Save to list
$11.95,$59.75 / 1KG,Tasmanian Heritage Camembert Cheese 200g,Promoted,Add to cart,Save to list
$9.90,$42.13 / 1KG,Mersey Valley Original Cheddar Cheese Block 235g,Promoted,Add to cart,Save to list
SAVE $1.00,$3.50,$4.50 - $2.80 / 100G,Obela Hi Protein Hommus To Go 125g,Promoted,Add to cart,Save to list
$9.95,$2.84 / 100G,Strength Meals Co Chicken Stroganoff Chilled Meal 350g,Add to cart,Save to list
$4.00,$1.33 / 100G,Woolworths Fresh Creamy Pumpkin Soup 300g,Add to cart,Save to list
SAVE $1.00,$8.00,$9.00 - $22.86 / 1KG,Moira Mac's Classic Roasted Chicken Breast 350g,Add to cart,Save to list
$9.95,$2.84 / 100G,Strength Meals Co Lemon Herb Chicken Chilled Meal 350g,Add to cart,Save to list
$3.50,$31.82 / 1KG,Woolworths Mixed Gourmet Olives 110g,Add to cart,Save to list
$8.00,$2.29 / 100G,2 FOR $15.00 - $2.14/100G,Woolworths Butter Chicken With Rice Chilled Meal 350g,Add to cart,Save to list
EVERYDAY LOW PRICE,$2.30,$7.67 / 1KG,Macro Classic Tofu Regular 300g,Add to cart,Save to list
$10.50,$21.00 / 1KG,Steggles Chicken Breast Enchilada Mexican Style 500g,Add to cart,Save to list
$8.90,$44.50 / 1KG,Don Salami Pepperoni 200g,Add to cart,Save to list
SAVE $1.60,$5.00,$6.60 - $25.00 / 1KG,Don Double Smoked Leg Ham 200g,Add to cart,Save to list
$9.90,$42.13 / 1KG,Mersey Valley Classic Cheddar Cheese Block 235g,Promoted,Add to cart,Save to list
$11.95,$59.75 / 1KG,Tasmanian Heritage Camembert Cheese 200g,Promoted,Add to cart,Save to list
$9.90,$42.13 / 1KG,Mersey Valley Original Cheddar Cheese Block 235g,Promoted,Add to cart,Save to list
$11.95,$59.75 / 1KG,Tasmanian Heritage Double Brie Cheese 200g,Promoted,Add to cart,Save to list
$8.00,$2.42 / 100G,La Famiglia Garlic Bread Ciabatta 330g,Add to cart,Save to list
$36.00,$36.00 / 1KG,K R Castlemaine Hungarian Salami Hot Sliced From The Deli Per Kg,Add to cart,Save to list
$5.80,$2.64 / 100G,Obela Classic Guacamole 220g,5.0,/,1,Add to cart,Save to list
$40.00,Absolutely Wrapped Absolutely Wrapped Meat Lovers Each,Add to cart,Save to list
SAVE $1.60,$5.00,$6.60 - $25.00 / 1KG,Don Thinly Sliced Honey Leg Ham 200g,Add to cart,Save to list
SAVE $1.00,$7.50,$8.50 - $37.50 / 1KG,Mt Barker Free Range Roasted Shredded Chicken 200g,Promoted,Add to cart,Save to list
SAVE $0.50,$4.50,$5.00 - $2.25 / 100G,Nuffin Fetta & Cracked Pepper Dip 200g,Promoted,Add to cart,Save to list
SAVE $3.05,$11.95,$15.00 - $40.51 / 1KG,Tasmanian Heritage 3 Cheese Selection 295g,Promoted,Add to cart,Save to list
SAVE $1.00,$7.50,$8.50 - $34.09 / 1KG,Mt Barker Free Range Roasted Carved Chicken Breast 220g,Promoted,Add to cart,Save to list
$5.50,$68.75 / 1KG,Meredith Dairy Goat's Cheese Chevre Plain 80g,Add to cart,Save to list
$28.00,$28.00 / 1KG,Mild Salami Sliced From the Deli per kg,Add to cart,Save to list
$4.50,$2.25 / 100G,Yumi's Roasted Capsicum & Cashew Dip 200g,Add to cart,Save to list
$8.00,$2.46 / 100G,Rana Ricotta & Spinach Tortellini Pasta 325g,Add to cart,Save to list
$32.90,$32.90 / 1KG,Primo Pastrami Sliced From The Deli per kg,Add to cart,Save to list
$11.95,$59.75 / 1KG,Tasmanian Heritage Double Brie Cheese 200g,Add to cart,Save to list
$4.50,$2.25 / 100G,2 FOR $7.00 - $1.75/100G,Chris' Dips Traditional Hommus 200g,Add to cart,Save to list
$7.90,$13.17 / 1KG,Don Footy Frankfurts Skinless 600g,Add to cart,Save to list
$4.50,$1.80 / 100G,Della Rosa Low Carb High Protein Pizza Base 250g,5.0,/,1,Add to cart,Save to list
$4.30,$2.15 / 100G,SSS Foods White Bean Garlic & Basil Dip 200g,Promoted,Add to cart,Save to list
SAVE $1.85,$5.65,$7.50 - $45.20 / 1KG,Tasmanian Heritage Oval Camembert Cheese 125g,Promoted,Add to cart,Save to list
SAVE $1.20,$4.80,$6.00 - $2.40 / 100G,Latina Fresh Kids Mini Ravioli Pasta Cheese & Vegetable 200g,Add to cart,Save to list
$11.00,$27.50 / 1KG,Bertocchi Gold Short Rindless Premium Bacon 400g,Add to cart,Save to list
SAVE $3.00,$13.50,$16.50 - $13.50 / 1KG,Bertocchi Mortadella Plain Shaved From The Deli Per Kg,Add to cart,Save to list
$8.00,$2.29 / 100G,2 FOR $15.00 - $2.14/100G,Woolworths Beef Lasagne 350g,3.5,/,438,Add to cart,Save to list
$38.00,$38.00 / 1KG,Jarlsberg Shaved Cheese Per Kg,Add to cart,Save to list
$11.00,$55.00 / 1KG,Miguel Maestre Free Range Chorizo 200g,5.0,/,1,Add to cart,Save to list
$11.00,$1.76 / 100G,Latina Fresh Veal Tortellini Pasta 625g,Add to cart,Save to list
$3.50,$31.82 / 1KG,Woolworths Green Olives With Chilli & Garlic 110g,4.3,/,835,Add to cart,Save to list
$3.50,$25.93 / 1KG,Woolworths Semi Dried Tomatoes In Mediterranean Herbs 135g,4.4,/,1205,Add to cart,Save to list
$11.95,$3.62 / 100G,2 FOR $20.00 - $3.03/100G,My Muscle Chef Spaghetti Bolognese 330g,Add to cart,Save to list
$8.00,$2.29 / 100G,2 FOR $15.00 - $2.14/100G,Woolworths Cottage Pie 350g,3.9,/,620,Add to cart,Save to list
$11.95,$3.62 / 100G,2 FOR $20.00 - $3.03/100G,My Muscle Chef Satay Chicken With Basmati Rice & Green Peas 330g,Add to cart,Save to list
SAVE $1.40,$5.50,$6.90 - $32.35 / 1KG,Mil Lel Extra Sharp Parmesan & Pecorino 170g,5.0,/,1,Add to cart,Save to list
$7.30,$36.50 / 1KG,D'Orsogna Natural Shortcut Bacon Gluten Free Wood Smoked 200g,5.0,/,1,Add to cart,Save to list
$8.00,$2.22 / 100G,Leggo's Ravioli Beef Tomato & Parmesan 360g,Add to cart,Save to list
$2.60,$1.30 / 100G,Willow Farm Beetroot Hommus 200g,Add to cart,Save to list
EVERYDAY LOW PRICE,$4.50,$1.80 / 100G,Woolworths Free From Gluten & Dairy Garlic Bread 250g,3.5,/,634,Add to cart,Save to list
SAVE $1.60,$5.00,$6.60 - $31.25 / 1KG,Don Hungarian Salami 160g,Add to cart,Save to list
$4.40,$44.00 / 1KG,D'Orsogna Deli Fresh Ham Double Smoked 100g,Add to cart,Save to list
$4.50,$1.00 / 100G,Global Bakehouse Garlic Bread 450g,Add to cart,Save to list
$11.95,$3.73 / 100G,2 FOR $20.00 - $3.13/100G,My Muscle Chef Thai Green Chicken Curry With Rice 320g,Add to cart,Save to list
$4.40,$44.00 / 1KG,D'Orsogna Deli Fresh Ham Champagne Leg 100g,Add to cart,Save to list
$5.00,$16.67 / 1KG,Macro Plain Tempeh 300g,3.5,/,558,Add to cart,Save to list
$11.95,$59.75 / 1KG,Tasmanian Heritage Camembert Cheese 200g,4.0,/,1,Add to cart,Save to list
$4.30,$21.50 / 1KG,Thomas Dux Apricot & Almond Cream Cheese 200g,4.5,/,260,Add to cart,Save to list
$8.00,$0.80 / 100G,Obela Hommus 1kg,Add to cart,Save to list
SAVE $1.80,$7.20,$9.00 - $36.00 / 1KG,Bio Cheese Dairy Free Cheddar Slices 200g,Add to cart,Save to list
$4.50,$30.00 / 1KG,Thomas Dux Creamy Blue Cheese 150g,5.0,/,6,Add to cart,Save to list
$8.00,$53.33 / 1KG,Castello Blue Cheese Creamy 150g,Add to cart,Save to list
$5.00,$33.33 / 1KG,Primo Twiggy Sticks Bites 150g,Add to cart,Save to list
SAVE $1.00,$5.60,$6.60 - $28.00 / 1KG,Don Bacon Pan Size Rindless 200g,Add to cart,Save to list
$8.90,$44.50 / 1KG,Don Salami Hungarian Plain 200g,Add to cart,Save to list
$9.95,$2.84 / 100G,Strength Meals Co Bbq Chicken & Rice With Roasted Vegetables 350g,Add to cart,Save to list
SAVE $1.40,$5.50,$6.90 - $32.35 / 1KG,Mil Lel Shaved Parmesan 170g,Add to cart,Save to list
LOWER AUTUMN PRICE,$5.50,$27.50 / 1KG,RANGE WAS $6.50 - 25/02/2025,Yumi's Herb Falafel 200g,Add to cart,Save to list
$4.30,$21.50 / 1KG,Thomas Dux Spring Onion & Chive Cream Cheese 200g,4.5,/,220,Add to cart,Save to list
$20.00,$1.25 / 100G,Latina Fresh Beef Lasagne Australian Beef 1.6kg,4.0,/,1,Add to cart,Save to list
$5.80,$1.45 / 100G,Woolworths Creamy Potato Salad 400g,4.1,/,716,Add to cart,Save to list
$22.00,$40.00 / 1KG,Meredith Dairy Goats Cheese 550g,5.0,/,3,Add to cart,Save to list
SAVE $3.00,$13.50,$16.50 - $13.50 / 1KG,Bertocchi Mortadella Plain Sliced From The Deli Per Kg,Add to cart,Save to list
$14.50,$1.32 / 100G,Hedy's Fresh Quiche Spinach & Feta Chilled Meal 1.1kg,3.0,/,3,Add to cart,Save to list
SAVE $2.50,$5.00,$7.50 - $1.11 / 100G,Leggo's Fresh Pasta Sauce Bolognese 450g,Add to cart,Save to list
$4.50,$2.25 / 100G,Yumi's Italian Olive Dip 200g,Add to cart,Save to list
$12.50,$62.50 / 1KG,Zanetti Pecorino Romano 200g,Add to cart,Save to list
$22.50,$22.50 / 1KG,Kabana From The Deli per kg,Add to cart,Save to list
$6.50,$25.00 / 1KG,Yumi's Sweet Corn Fritters 6 Pack,5.0,/,1,Add to cart,Save to list
$8.80,$36.67 / 1KG,D'Orsogna Turkey Thinly Sliced 60g x4 Pack,5.0,/,1,Add to cart,Save to list
$6.00,$40.00 / 1KG,Moira Mac's Roast Chicken Breast Slices 150g,Add to cart,Save to list
$9.90,$42.13 / 1KG,Mersey Valley Classic Cheddar Cheese Block 235g,Promoted,Add to cart,Save to list
$11.95,$59.75 / 1KG,Tasmanian Heritage Camembert Cheese 200g,4.0,/,1,• Promoted,Add to cart,Save to list
$9.90,$42.13 / 1KG,Mersey Valley Original Cheddar Cheese Block 235g,Promoted,Add to cart,Save to list
SAVE $1.00,$3.50,$4.50 - $2.80 / 100G,Obela Hi Protein Hommus To Go 125g,Promoted,Add to cart,Save to list
$8.00,$2.29 / 100G,2 FOR $15.00 - $2.14/100G,Woolworths Beef Tortellini With Creamy Mushroom Sauce Chilled Meal 350g,3.4,/,447,Add to cart,Save to list
$4.50,$2.25 / 100G,2 FOR $7.00 - $1.75/100G,Chris' Taramosalata Homestyle Caviar Dip 200g,Add to cart,Save to list
$5.00,$35.71 / 1KG,Don Mini Kabana 140g,Add to cart,Save to list
$8.00,$2.29 / 100G,2 FOR $15.00 - $2.14/100G,Woolworths Bolognese Pasta Bake 350g,3.8,/,298,Add to cart,Save to list
$2.90,$29.00 / 1KG,Don Liverwurst Latvian 100g,5.0,/,1,Add to cart,Save to list
$9.95,$2.84 / 100G,Strength Meals Co High Protein Teriyaki Chicken With Edamame & Brown Rice 350g,Add to cart,Save to list
$3.50,$26.92 / 1KG,Woolworths Roasted Capsicum Strips 130g,4.3,/,1000,Add to cart,Save to list
$14.90,$85.14 / 1KG,King Island Dairy Three Rivers Bay Triple Cream Brie Cheese 175g,Add to cart,Save to list
SAVE $4.00,$4.00,$8.00 - $13.33 / 1KG,Plantein Plant Based Schnitzel 300g,Add to cart,Save to list
EVERYDAY LOW PRICE,$5.15,$25.75 / 1KG,Thomas Dux Dutch Smoked Cheese 200g,4.3,/,494,Add to cart,Save to list
$8.00,$2.22 / 100G,National Pies Meat Pie 2 Pack,Add to cart,Save to list
SAVE $0.50,$10.50,$11.00 - $1.46 / 100G,National Pies Meat Pie Party 12 Pack,Add to cart,Save to list
$6.50,$28.89 / 1KG,Yumi's Pumpkin & Spinach Bites 225g,Add to cart,Save to list
LOWER AUTUMN PRICE,$3.50,$1.94 / 100G,RANGE WAS $4 - 25/02/2025,Chris' Homestyle Corn Relish 3 x 60g,Add to cart,Save to list
SAVE $0.40,$3.50,$3.90 - $29.17 / 1KG,Moondarra Cream Cheese Honey & Pistachio 120G,Add to cart,Save to list
SAVE $0.40,$4.50,$4.90 - $22.50 / 1KG,Thomas Dux English Red Leicester 200g,4.5,/,983,Add to cart,Save to list
$8.00,$2.29 / 100G,2 FOR $15.00 - $2.14/100G,Woolworths Bangers & Mash Chilled Meal 350g,3.5,/,534,Add to cart,Save to list
SAVE $1.00,$7.50,$8.50 - $37.50 / 1KG,Mt Barker Free Range Roasted Shredded Chicken 200g,Promoted,Add to cart,Save to list
SAVE $0.50,$4.50,$5.00 - $2.25 / 100G,Nuffin Fetta & Cracked Pepper Dip 200g,Promoted,Add to cart,Save to list
SAVE $3.05,$11.95,$15.00 - $40.51 / 1KG,Tasmanian Heritage 3 Cheese Selection 295g,Promoted,Add to cart,Save to list
SAVE $1.00,$7.50,$8.50 - $34.09 / 1KG,Mt Barker Free Range Roasted Carved Chicken Breast 220g,Promoted,Add to cart,Save to list
$3.95,$39.50 / 1KG,2 FOR $6.70 - $33.50/1KG,Primo Mortadella 100g,Add to cart,Save to list
EVERYDAY LOW PRICE,$3.30,$1.65 / 100G,Mediterranean Delite Garlic Dip 200g,Add to cart,Save to list
$42.00,$42.00 / 1KG,Bertocchi Pancetta Mild Sliced From The Deli Per kg,Add to cart,Save to list
$7.50,$37.50 / 1KG,Woolworths Smoked Streaky Bacon 200g,4.3,/,47,Add to cart,Save to list
SAVE $5.50,$5.50,$11.00 - $0.87 / 100G,Leggo's Fresh Ricotta & Spinach Agnolotti 630g,Add to cart,Save to list
$8.00,$2.29 / 100G,2 FOR $15.00 - $2.14/100G,Woolworths Spinach & Ricotta Cannelloni 350g,3.9,/,389,Add to cart,Save to list
$18.00,$18.00 / 1KG,Riverland Ham Sliced From The Deli Per kg,Add to cart,Save to list
$8.00,$2.29 / 100G,2 FOR $15.00 - $2.14/100G,Woolworths Curried Sausages & Mash 350g,3.9,/,344,Add to cart,Save to list
SAVE $1.10,$4.40,$5.50 - $18.72 / 1KG,Thomas Dux Club Cheddar Cheese 235g,4.6,/,428,Add to cart,Save to list
SAVE $1.00,$7.50,$8.50 - $37.50 / 1KG,Mt Barker Free Range Roasted Shredded Chicken 200g,Promoted,Add to cart,Save to list
$11.95,$59.75 / 1KG,Tasmanian Heritage Camembert Cheese 200g,Promoted,Add to cart,Save to list
$9.90,$42.13 / 1KG,Mersey Valley Original Cheddar Cheese Block 235g,Promoted,Add to cart,Save to list
SAVE $1.00,$3.50,$4.50 - $2.80 / 100G,Obela Hi Protein Hommus To Go 125g,Promoted,Add to cart,Save to list
SAVE $0.50,$6.20,$6.70 - $31.00 / 1KG,Don Kransky Cheese 2 Pack,Add to cart,Save to list
SAVE $2.00,$5.50,$7.50 - $1.29 / 100G,Latina Fresh Creamy Carbonara Pasta Sauce Pasta Sauce 425g,Add to cart,Save to list
$5.20,$2.08 / 100G,Leggo's Fresh Creamy Tomato Sauce 250g,Add to cart,Save to list
$4.50,$2.25 / 100G,2 FOR $7.00 - $1.75/100G,Chris' Dips Sundried Tomato 200g,Add to cart,Save to list
$6.00,$17.14 / 1KG,Unreal Co. Plant Based Chick'n Chives Sausages 350g,Add to cart,Save to list
$7.50,$28.30 / 1KG,Castello Marinated Fetta Cubes 265g,Add to cart,Save to list
SAVE $1.00,$3.50,$4.50 - $2.80 / 100G,Obela Hi-Protein To Go Jalapeno Hommus 125g,Promoted,Add to cart,Save to list
$20.00,$47.62 / 1KG,Tasmanian Heritage 4 Cheese Selection 420g,Promoted,Add to cart,Save to list
$4.30,$2.15 / 100G,SSS Foods White Bean Garlic & Basil Dip 200g,Promoted,Add to cart,Save to list
SAVE $1.85,$5.65,$7.50 - $45.20 / 1KG,Tasmanian Heritage Oval Camembert Cheese 125g,Promoted,Add to cart,Save to list
$7.95,$3.18 / 100G,Chan's Yum Cha Pork & Chive Gyoza 250g,Add to cart,Save to list
SAVE $1.25,$7.50,$8.75 - $2.68 / 100G,Latina Fresh Gluten Free Lasagne Sheets 280g,Add to cart,Save to list
$6.00,$40.00 / 1KG,Thomas Dux Blue Stilton 150g,4.2,/,550,Add to cart,Save to list
EVERYDAY LOW PRICE,$4.00,$1.07 / 100G,La Tosca Fresh Pasta Fettucine 375g,Add to cart,Save to list
$25.00,$25.00 / 1KG,Woolworths Olives Mixed Marinated Per Kg,Add to cart,Save to list
$8.00,$2.29 / 100G,2 FOR $15.00 - $2.14/100G,Woolworths Thai Green Chicken Curry With Rice Chilled Meal 350g,3.5,/,143,Add to cart,Save to list
$14.60,$14.60 / 1KG,Hans Saveloys From The Deli Per Kg,Add to cart,Save to list
$6.90,$34.50 / 1KG,Made With Plants Shredded Cheddar Dairy Free 200g,Add to cart,Save to list
$6.50,$36.11 / 1KG,Tasmanian Heritage Havarti Cheese 180g,Add to cart,Save to list
$8.90,$44.50 / 1KG,Don Salami Hungarian Hot 200g,Add to cart,Save to list
SAVE $4.00,$4.00,$8.00 - $1.07 / 100G,Latina Fresh Beef Ravioli Pasta 375g,Add to cart,Save to list
$45.00,From the Deli Mediterranean Delight Platter Each,Add to cart,Save to list
$9.40,$62.67 / 1KG,Meredith Dairy Plain Goats Cheese 150g,Add to cart,Save to list
SAVE $0.30,$5.20,$5.50 - $43.33 / 1KG,Tibaldi Signature Collection Wafer Thin Australian Leg Ham 120g,Add to cart,Save to list
$14.50,$20.71 / 1KG,Woolworths Slow Cooked Beef Ragu Lasagne 700g,4.0,/,585,Add to cart,Save to list
$8.00,$2.29 / 100G,2 FOR $15.00 - $2.14/100G,Woolworths Spinach & Ricotta Tortellini Napolitana Sauce Chilled Meal 350g,4.0,/,316,Add to cart,Save to list
$4.50,$2.25 / 100G,Yumi's Eggplant Mediterranean Dip 200g,Add to cart,Save to list
$4.40,$44.00 / 1KG,D'Orsogna Deli Fresh Ham Honey 100g,Add to cart,Save to list
$5.70,$3.17 / 100G,Simply Delish Traditional Guacamole 180g,Add to cart,Save to list
$17.00,$1.42 / 100G,Pasta Master Chicken & Bacon Bake Chilled Meal 1.2kg,2.5,/,2,Add to cart,Save to list
$14.50,$48.33 / 1KG,Castello Soft Mild Blue Cheese 300g,Add to cart,Save to list
$6.00,$46.15 / 1KG,Primo Reserve Pulled Pork 130g,Add to cart,Save to list
$4.30,$21.50 / 1KG,Thomas Dux Sweet Chilli Cream Cheese 200g,4.5,/,225,Add to cart,Save to list
$3.45,$0.77 / 100G,Fantastic Fresh Noodles Thin Hokkien 450g,Add to cart,Save to list
$6.60,$44.00 / 1KG,Thomas Dux Manchego Cheese 150g,4.1,/,627,Add to cart,Save to list
$7.00,$1.47 / 100G,Woolworths Sweet Potato Mash 475g,3.9,/,418,Add to cart,Save to list
$4.20,$2.47 / 100G,Picasso Kitchen Kitchen Cauliflower Base 170G,4.0,/,530,Add to cart,Save to list
$4.50,$2.25 / 100G,2 FOR $7.00 - $1.75/100G,Chris' Spicy Jalapeno Dip & Spread 200g,Add to cart,Save to list
$9.50,$27.14 / 1KG,2 FOR $12.00 - $17.14/1KG,Primo Middle Bacon Rindless 350g,Add to cart,Save to list
$9.95,$2.84 / 100G,Strength Meals Co Classic Chicken Dinner With Gravy 350g,Add to cart,Save to list
$4.00,$1.33 / 100G,Woolworths Fresh Pea & Ham Soup 300g,3.8,/,900,Add to cart,Save to list
SAVE $1.00,$7.50,$8.50 - $37.50 / 1KG,Mt Barker Free Range Roasted Shredded Chicken 200g,Promoted,Add to cart,Save to list
SAVE $0.50,$4.50,$5.00 - $2.25 / 100G,Nuffin Fetta & Cracked Pepper Dip 200g,Promoted,Add to cart,Save to list
SAVE $3.05,$11.95,$15.00 - $40.51 / 1KG,Tasmanian Heritage 3 Cheese Selection 295g,Promoted,Add to cart,Save to list
$4.00,$1.33 / 100G,Woolworths Chicken & Vegetable Soup Low Fat 300g,3.8,/,459,Add to cart,Save to list
$6.50,$28.89 / 1KG,Yumi's Zucchini & Lentil Bites 225g,Add to cart,Save to list
SAVE $1.50,$7.00,$8.50 - $17.50 / 1KG,V2 Plant Protein Mince 400g,Add to cart,Save to list
$5.50,$2.20 / 100G,Woolworths Basil Pesto Pasta Salad 250g,Add to cart,Save to list
SAVE $1.00,$5.60,$6.60 - $28.00 / 1KG,Don Bacon Pansize Double Smoked 200g,Add to cart,Save to list
$36.50,$36.50 / 1KG,Don Italian Style Salami Shaved From The Deli per kg,Add to cart,Save to list
IN-STORE ONLY,Moira Mac's Smoked Chicken Breast 300g,5.0,/,1,View similar,products,             to Moira Mac's Smoked Chicken Breast 300g,Save to list
$6.00,$46.15 / 1KG,Primo Reserve Chicken Schnitzel 130g,Add to cart,Save to list
EVERYDAY LOW PRICE,$4.75,$2.38 / 100G,Ready Chef Spinach & Fetta Quiche 200g,Add to cart,Save to list
SAVE $1.25,$7.50,$8.75 - $2.68 / 100G,Latina Fresh Gluten Free Beef Ravioli Pasta 280g,Add to cart,Save to list
EVERYDAY LOW PRICE,$4.40,$44.00 / 1KG,Thomas Dux Danish Blue Cheese 100g,4.8,/,10,Add to cart,Save to list
SAVE $1.85,$5.65,$7.50 - $45.20 / 1KG,Tasmanian Heritage Oval Camembert Cheese 125g,Promoted,Add to cart,Save to list
$3.00,$1.50 / 100G,Sugo Tu Pizza Dough Chilled 200g,Add to cart,Save to list
SAVE $4.50,$32.50,$37.00 - $32.50 / 1KG,Primo Danish Salami Mild Sliced From The Deli Per Kg,Add to cart,Save to list
$17.00,$24.29 / 1KG,D'Orsogna Natural Leg Ham Portion 700g,Add to cart,Save to list
$3.00,$1.07 / 100G,Della Rosa Tomato Sauce Pizza Base 280g,Add to cart,Save to list
SAVE $1.50,$4.00,$5.50 - $1.00 / 100G,Strength Meals Co Spiced Pumpkin & Lentil High Protein Soup 400g,Add to cart,Save to list
$5.00,$1.43 / 100G,Fast Fuel Meals Chicken Laksa 350g,Add to cart,Save to list
$5.20,$2.08 / 100G,Leggo's Fresh Bolognese Sauce 250g,Add to cart,Save to list
$1.00,$1.00 / 1EA,Petite Cuisine Hash Brown Each,Add to cart,Save to list
$38.00,$38.00 / 1KG,Primo Sopressa Flat Mild From The Deli per kg,Add to cart,Save to list
$11.95,$59.75 / 1KG,Tasmanian Heritage Double Brie Cheese 200g,Promoted,Add to cart,Save to list
LOWER AUTUMN PRICE,$3.50,$1.94 / 100G,RANGE WAS $4 - 25/02/2025,Chris' Homestyle Dips Sweet Chilli 60g x 3 Pack,Add to cart,Save to list
$8.00,$2.29 / 100G,2 FOR $15.00 - $2.14/100G,Woolworths Braised Beef With Creamy Mash 350g,3.6,/,266,Add to cart,Save to list
$3.50,$31.82 / 1KG,Woolworths Green Olives With Lemon & Herbs 110g,4.0,/,789,Add to cart,Save to list
$25.00,$25.00 / 1KG,Woolworths Green Olive Half Marinated Per Kg,Add to cart,Save to list
SAVE $1.50,$6.00,$7.50 - $40.00 / 1KG,Meliora Plant Based Ham Style Slices Each,5.0,/,1,Add to cart,Save to list
$4.80,$60.00 / 1KG,3 FOR $12.00 - $50.00/1KG,Mersey Valley Pickled Onion Cheddar Cheese Block 80g,Add to cart,Save to list
SAVE $1.00,$7.50,$8.50 - $37.50 / 1KG,Mt Barker Free Range Roasted Shredded Chicken 200g,Promoted,Add to cart,Save to list
SAVE $0.50,$4.50,$5.00 - $2.25 / 100G,Nuffin Fetta & Cracked Pepper Dip 200g,Promoted,Add to cart,Save to list
SAVE $2.00,$7.00,$9.00 - $4.12 / 100G,Chris' Heritage Goat Cheese & Black Truffle Dip 170g,Add to cart,Save to list
$6.80,$34.00 / 1KG,Primo Salt Reduced Shortcut Rindless Bacon 200g,Add to cart,Save to list
$13.30,$2.05 / 100G,Woolworths Potato Bacon Bake 650g,3.5,/,875,Add to cart,Save to list
$8.50,$28.33 / 1KG,Gotzinger Continental Franks 300g,Add to cart,Save to list
$5.00,$5.00 / 1KG,Mayfair Knob Ham & Chicken 1kg,Add to cart,Save to list
$7.00,$35.00 / 1KG,The British Sausage Co Raw Smoked Rindless Back Bacon 200g,Add to cart,Save to list
$6.90,$23.00 / 1KG,Woolworths Pitted Kalamata Olives In Brine 300g,4.4,/,315,Add to cart,Save to list
$6.00,$40.00 / 1KG,Moira Mac's Bbq Chicken Breast Slices 150g,Add to cart,Save to list
$5.00,$10.00 / 1KG,Primo Hot Dog Cocktail Frankfurts 500g,Add to cart,Save to list
OUT OF STOCK,D'Orsogna Tasty Sticks Peri Peri From The Deli Per Kg,Add to cart,Save to list
SAVE $1.00,$2.00,$3.00 - $50.00 / 1KG,Don Donskis Mild 40g,5.0,/,1,Add to cart,Save to list
$4.30,$2.15 / 100G,SSS Foods White Bean Garlic & Basil Dip 200g,Promoted,Add to cart,Save to list
SAVE $1.85,$5.65,$7.50 - $45.20 / 1KG,Tasmanian Heritage Oval Camembert Cheese 125g,Promoted,Add to cart,Save to list
SAVE $1.50,$4.00,$5.50 - $1.82 / 100G,Obela Hommus Garnished With Roasted Pinenut 220g,Add to cart,Save to list
$5.90,$59.00 / 1KG,Perfect Italiano Grated Parmesan Cheese Finely Grated 100g,Add to cart,Save to list
$3.95,$49.38 / 1KG,2 FOR $6.70 - $41.88/1KG,Primo Chicken Breast Sliced Salt Reduced 80g,Add to cart,Save to list
$9.95,$2.84 / 100G,Strength Meals Co Beef Casserole With Mash 350g,Add to cart,Save to list
OUT OF STOCK,Bio Cheese Dairy Free Feta 200g,Add to cart,Save to list
$16.50,$75.00 / 1KG,San Marino Antipasto Selection 220g,Add to cart,Save to list
$7.50,$25.00 / 1KG,Vegie Delights Thick Bbq Plant Based Sausages 300g,Add to cart,Save to list
$4.10,$41.00 / 1KG,Woolworths Smoked Shaved Ham Off The Bone 100g,4.3,/,448,Add to cart,Save to list
SAVE $2.00,$8.50,$10.50 - $21.25 / 1KG,Gotzinger Cheese Kransky Chipolata 400g,Add to cart,Save to list
$9.95,$2.84 / 100G,Strength Meals Co Chicken Burrito Bowl 350g,Add to cart,Save to list
$6.50,$1.81 / 100G,Picasso Kitchen Pizza Thin & Crispy Pepperoni 360g,Add to cart,Save to list
SAVE $0.80,$4.00,$4.80 - $2.11 / 100G,Red Rock Deli Classics Caramelised French Onion 190g,Add to cart,Save to list
$4.80,$60.00 / 1KG,3 FOR $12.00 - $50.00/1KG,Tasmanian Heritage Double Brie Cheese 80g,Add to cart,Save to list
$7.50,$22.73 / 1KG,V2 Plant Protein Sausages Miguel's Classic British 6 pack,Add to cart,Save to list
$8.00,$1.82 / 100G,Macro Veggie Burger Patties 440g,3.2,/,21,Add to cart,Save to list
$6.20,$2.48 / 100G,Salad Servers Roasted Vegetable Couscous 250g,Add to cart,Save to list
SAVE $0.70,$6.50,$7.20 - $32.50 / 1KG,Mon Ami French Camembert Cheese 200g,Add to cart,Save to list
$25.00,$25.00 / 1KG,Woolworths Green Olive Stuffed With Creamy Fetta Per Kg,Add to cart,Save to list
$9.90,$42.13 / 1KG,Mersey Valley Classic Cheddar Cheese Block 235g,Promoted,Add to cart,Save to list
$3.95,$49.38 / 1KG,2 FOR $6.70 - $41.88/1KG,Primo Mild Salami Sliced Salt Reduced 80g,Add to cart,Save to list
$6.80,$34.00 / 1KG,South Cape Camembert Cheese 200g,Add to cart,Save to list
$9.35,$2.34 / 100G,Woolworths Greek Salad Kit With Greek Dressing 400g,Add to cart,Save to list
$8.80,$27.50 / 1KG,D'Orsogna English Ham Shaved 80g x 4 pack,Add to cart,Save to list
$4.50,$2.25 / 100G,Yumi's Kalamata Olive Dip 200g,Add to cart,Save to list
$5.10,$34.00 / 1KG,Normandie Pate Chicken Champagne 150g,Add to cart,Save to list
SAVE $1.50,$4.00,$5.50 - $1.82 / 100G,Obela Hommus Pistachio Lemon Dukkah 220g,Add to cart,Save to list
$10.00,$117.65 / 1KG,Prosciutto Di San Daniele Sliced 85g,Add to cart,Save to list
$8.00,$2.46 / 100G,Rana Basil & Pine Nuts Tortellini Pasta 325g,Add to cart,Save to list
LOWER AUTUMN PRICE,$8.00,$17.70 / 1KG,WAS $10 - 25/02/2025,V2 Plant Protein Burger 4 pack,Add to cart,Save to list
SAVE $0.50,$4.50,$5.00 - $2.25 / 100G,Nuffin Fetta & Cracked Pepper Dip 200g,Promoted,Add to cart,Save to list
SAVE $3.05,$11.95,$15.00 - $40.51 / 1KG,Tasmanian Heritage 3 Cheese Selection 295g,Promoted,Add to cart,Save to list
SAVE $1.00,$7.50,$8.50 - $34.09 / 1KG,Mt Barker Free Range Roasted Carved Chicken Breast 220g,Promoted,Add to cart,Save to list
$3.45,$2.16 / 100G,Temptations Pork Meat Pie Small 160g,4.0,/,1,Add to cart,Save to list
$4.50,$2.25 / 100G,Yumi's Chipotle Hommus Dip 200g,Add to cart,Save to list
$4.50,$2.25 / 100G,Yumi's Green Goddess Dip Hommus 200g,Add to cart,Save to list
$9.00,$2.77 / 100G,25 Degrees South Baby Spinach & Fetta Ravioli Pasta 325g,3.0,/,2,Add to cart,Save to list
EVERYDAY LOW PRICE,$25.30,$23.00 / 1KG,ITEM PRICE BASED ON MAX WEIGHT,Primo Corned Beef Silverside 500g - 1.1kg,Add to cart,Save to list
$6.90,$23.00 / 1KG,Woolworths Australian Semi Dried Tomatoes Mediterranean Style Herbs 300g,4.6,/,301,Add to cart,Save to list
SAVE $1.85,$5.65,$7.50 - $45.20 / 1KG,Tasmanian Heritage Triple Cream Oval Brie Cheese 125G,Promoted,Add to cart,Save to list
SAVE $1.00,$7.50,$8.50 - $34.09 / 1KG,Mt Barker Free Range Peri Peri Diced Chicken Breast 220g,Promoted,Add to cart,Save to list
SAVE $2.50,$6.20,$8.70 - $34.44 / 1KG,Mersey Valley Classic Cheddar Cheese Block 180g,Promoted,Add to cart,Save to list
SAVE $2.50,$6.20,$8.70 - $34.44 / 1KG,Mersey Valley Original Vintage Cheddar Cheese Block 180g,Promoted,Add to cart,Save to list
$7.00,$1.47 / 100G,Woolworths Roasted Garlic Mash 475g,4.3,/,718,Add to cart,Save to list
$6.80,$1.24 / 100G,Dari's Chunky Minestrone Soup 550g,1.0,/,1,Add to cart,Save to list
SAVE $1.50,$4.00,$5.50 - $1.82 / 100G,Obela Caramelised Onion Garnished Hommus 220g,Add to cart,Save to list
$4.50,$2.25 / 100G,Yumi's Hommus Roasted Garlic 200g,Add to cart,Save to list
$5.20,$41.60 / 1KG,Mon Ami Double Cream French Brie Petit 125g,Add to cart,Save to list
SAVE $1.50,$4.00,$5.50 - $1.82 / 100G,Obela Sweet Beetroot Garnished Hommus 220g,Add to cart,Save to list
$11.50,$32.86 / 1KG,Tasmanian Heritage Marinated Fetta Cheese 350g,Add to cart,Save to list
$5.00,$40.00 / 1KG,Thomas Dux Truffle Brie 125g,4.2,/,3109,Add to cart,Save to list
SAVE $1.00,$4.50,$5.50 - $56.25 / 1KG,Don Easy Entertaining Pepperoni Salami 80g,Add to cart,Save to list
$10.50,$1.40 / 100G,Woolworths Potato Egg & Bacon Salad 750g,4.0,/,1,Add to cart,Save to list
$14.00,$2.00 / 100G,Woolworths Zucchini & Bacon Slice 700g,3.9,/,420,Add to cart,Save to list
$5.50,$1.69 / 100G,Rana Fettuccine Pasta 325g,Add to cart,Save to list
EVERYDAY LOW PRICE,$5.00,$1.43 / 100G,Ready Chef Penne Bolognaise 350g,Add to cart,Save to list
EVERYDAY LOW PRICE,$3.25,$1.63 / 100G,Tiffany's Kitchen Corn Relish 200g,Add to cart,Save to list
$5.95,$19.83 / 1KG,Veef Plant Based Chorizo Sausages 300g,Add to cart,Save to list
$4.50,$2.25 / 100G,2 FOR $7.00 - $1.75/100G,Chris' Homestyle Sweet Chilli Dip 200g,Add to cart,Save to list
SAVE $0.80,$4.00,$4.80 - $2.11 / 100G,Red Rock Deli Classics Sweet Chilli & Sour Cream 190g,Add to cart,Save to list
$5.80,$72.50 / 1KG,TidBit Foods Consorcio Jamon Serrano 80g,Add to cart,Save to list
EVERYDAY LOW PRICE,$9.50,$29.69 / 1KG,Riverland Fermented Salami Sliced 320g,Add to cart,Save to list
EVERYDAY LOW PRICE,$9.00,$22.50 / 1KG,Woolworths Cabanossi & Tasty Cheese Bites 400g,Add to cart,Save to list
SAVE $1.40,$10.00,$11.40 - $28.57 / 1KG,Yarra Valley Persian Fetta 350g,Add to cart,Save to list
SAVE $1.00,$3.50,$4.50 - $2.80 / 100G,Obela Hi-Protein To Go Jalapeno Hommus 125g,Promoted,Add to cart,Save to list
$20.00,$47.62 / 1KG,Tasmanian Heritage 4 Cheese Selection 420g,Promoted,Add to cart,Save to list
$4.30,$2.15 / 100G,SSS Foods White Bean Garlic & Basil Dip 200g,Promoted,Add to cart,Save to list
SAVE $1.85,$5.65,$7.50 - $45.20 / 1KG,Tasmanian Heritage Oval Camembert Cheese 125g,Promoted,Add to cart,Save to list
$5.95,$19.83 / 1KG,Veef Plant Based Classic Sausages 300g,Add to cart,Save to list
$7.50,$37.50 / 1KG,Woolworths Mild Hungarian Salami 200g,4.2,/,163,Add to cart,Save to list
EVERYDAY LOW PRICE,$3.25,$1.63 / 100G,Tiffany's Kitchen Capsicum Dip 200g,Add to cart,Save to list
$7.00,$26.92 / 1KG,Frico Maasdam Holland Cheese Wedge 260g,Add to cart,Save to list
$13.95,$31.00 / 1KG,ITEM PRICE BASED ON MAX WEIGHT,Primo Speck Portion 100g - 450g,Add to cart,Save to list
$6.00,$1.71 / 100G,I Pastai Fresh Pasta Linguine Pasta 350g,Add to cart,Save to list
$5.00,$55.56 / 1KG,Plantitude Smoked Ham Plant Based Slices 90g,3.0,/,374,Add to cart,Save to list
SAVE $3.00,$11.00,$14.00 - $2.75 / 100G,Ruffie Rustic Foods Smoky Bacon Leek & Cheddar Quiche 2 Pack,Add to cart,Save to list
SAVE $1.00,$8.50,$9.50 - $85.00 / 1KG,Tidbit Foods Prosciutto Di Parma 100g,Add to cart,Save to list
$15.50,$2.21 / 100G,Woolworths Chicken & Vegetable Pie 700g,4.4,/,230,Add to cart,Save to list
$13.00,$3.25 / 100G,Woolworths Tasmanian Salmon With Rice Chilled Meal 400g,3.7,/,428,Add to cart,Save to list
$9.90,$42.13 / 1KG,Mersey Valley Classic Cheddar Cheese Block 235g,Promoted,Add to cart,Save to list
$11.95,$59.75 / 1KG,Tasmanian Heritage Camembert Cheese 200g,Promoted,Add to cart,Save to list
$9.90,$42.13 / 1KG,Mersey Valley Original Cheddar Cheese Block 235g,Promoted,Add to cart,Save to list
SAVE $1.00,$3.50,$4.50 - $2.80 / 100G,Obela Hi Protein Hommus To Go 125g,Promoted,Add to cart,Save to list
$6.60,$1.89 / 100G,Woolworths Cheesy Macaroni Pasta Salad 350g,Add to cart,Save to list
$6.00,$40.00 / 1KG,Moira Mac's Portugese Chicken Breast Slices 150g,Add to cart,Save to list
$14.20,$2.03 / 100G,Woolworths Ricotta & Spinach Cannelloni Chilled Meal 700g,Add to cart,Save to list
SAVE $1.00,$8.95,$9.95 - $2.56 / 100G,Fast Fuel Chicken Katsudon Ready Meal 350g,Add to cart,Save to list
SAVE $1.00,$4.00,$5.00 - $2.96 / 100G,"Red Rock Deli Roasted Sweet Potato, Smoked Paprika & Cashews 135g",Add to cart,Save to list
$4.80,$60.00 / 1KG,3 FOR $12.00 - $50.00/1KG,Tasmanian Heritage Havarti Cheese 80g,Add to cart,Save to list
$14.00,$70.00 / 1KG,Thomas Dux Italian Parmigiano Reggiano Over 30 Months Matured 200g,4.7,/,1513,Add to cart,Save to list
$13.50,$13.50 / 1KG,Three Aussie Farmers PORK BONES SMOKED PER KG,Add to cart,Save to list
SAVE $1.00,$7.50,$8.50 - $37.50 / 1KG,Mt Barker Free Range Roasted Shredded Chicken 200g,Promoted,Add to cart,Save to list
SAVE $0.50,$4.50,$5.00 - $2.25 / 100G,Nuffin Fetta & Cracked Pepper Dip 200g,Promoted,Add to cart,Save to list
SAVE $3.05,$11.95,$15.00 - $40.51 / 1KG,Tasmanian Heritage 3 Cheese Selection 295g,Promoted,Add to cart,Save to list
SAVE $1.00,$7.50,$8.50 - $34.09 / 1KG,Mt Barker Free Range Roasted Carved Chicken Breast 220g,Promoted,Add to cart,Save to list
$35.00,Family Favourites Platter Each,Add to cart,Save to list
EST. RESTOCK 05/04/25,Fast Fuel Bbq Chicken & Mac & Cheese 350g,View similar,products,             to Fast Fuel Bbq Chicken & Mac & Cheese 350g,Save to list
$10.00,$33.33 / 1KG,Mon Ami French Le Fromager Double Cream Brie 300g,Add to cart,Save to list
SAVE $0.50,$7.50,$8.00 - $1.79 / 100G,National Pies Jumbo Sausage Rolls Chilled Meal 2 Pack,Add to cart,Save to list
$5.00,$55.56 / 1KG,Plantitude Pastrami Plant Based Slices 90g,3.0,/,339,Add to cart,Save to list
$12.33,$14.50 / 1KG,Three Aussie Farmers Bulk Smoked Hocks Min. 850g,Add to cart,Save to list
SAVE $1.85,$5.65,$7.50 - $45.20 / 1KG,Tasmanian Heritage Triple Cream Oval Brie Cheese 125G,Promoted,Add to cart,Save to list
SAVE $1.00,$7.50,$8.50 - $34.09 / 1KG,Mt Barker Free Range Peri Peri Diced Chicken Breast 220g,Promoted,Add to cart,Save to list
SAVE $2.50,$6.20,$8.70 - $34.44 / 1KG,Mersey Valley Classic Cheddar Cheese Block 180g,Promoted,Add to cart,Save to list
SAVE $2.50,$6.20,$8.70 - $34.44 / 1KG,Mersey Valley Original Vintage Cheddar Cheese Block 180g,Promoted,Add to cart,Save to list
$8.00,$2.29 / 100G,2 FOR $15.00 - $2.14/100G,Woolworths Roasted Capsicum Pork Rigatoni 350g,3.8,/,168,Add to cart,Save to list
EVERYDAY LOW PRICE,$9.00,$2.57 / 100G,Easy Eats Chicken Pesto Pasta 350g,Add to cart,Save to list
SAVE $1.00,$7.50,$8.50 - $37.50 / 1KG,Mt Barker Free Range Roasted Shredded Chicken 200g,Promoted,Add to cart,Save to list
$9.90,$42.13 / 1KG,Mersey Valley Classic Cheddar Cheese Block 235g,Promoted,Add to cart,Save to list
$7.50,$22.73 / 1KG,V2 Plant Protein Sausages Miguel's Smokey BBQ 6 pack,Add to cart,Save to list
$7.50,$37.50 / 1KG,Woolworths Chorizo Salami 200g,3.9,/,146,Add to cart,Save to list
$25.00,$1.47 / 100G,Herb Roasted Chicken With Mash & Veg 1.7kg,Add to cart,Save to list
$6.50,$65.00 / 1KG,Thomas Dux Sliced Hot Sopressa 100g,4.6,/,54,Add to cart,Save to list
$8.00,$2.29 / 100G,2 FOR $15.00 - $2.14/100G,Woolworths Calorie Controlled Butter Chicken With Rice 350g,3.5,/,492,Add to cart,Save to list
$12.38,$27.50 / 1KG,ITEM PRICE BASED ON MAX WEIGHT,Woolworths Smoked Chicken Breast Fillet 300g - 450g,Add to cart,Save to list
$19.00,$22.35 / 1KG,D'Orsogna Honey Leg Ham 850g,5.0,/,1,Add to cart,Save to list
$11.00,$22.00 / 1KG,Made With Plants Cheddar Block Dairy Free 500g,Add to cart,Save to list
$29.50,$29.50 / 1KG,Moira Mac's Roasted Shredded Chicken Breast Per Kg,Add to cart,Save to list
SAVE $0.50,$10.50,$11.00 - $1.46 / 100G,National Pies Little Beef Pie & Little Sausage Roll 12 Pack,1.0,/,1,Add to cart,Save to list
SAVE $1.50,$4.00,$5.50 - $1.82 / 100G,Obela Hommus Korean Style Chilli With Black Sesame 220g,Add to cart,Save to list
$3.50,$3.50 / 100G,Simply Delish High Protein Spinach & Chives Dip 100g,1.0,/,1,Add to cart,Save to list
$11.95,$59.75 / 1KG,Tasmanian Heritage Double Brie Cheese 200g,Promoted,Add to cart,Save to list
$8.00,$2.29 / 100G,2 FOR $15.00 - $2.14/100G,Woolworths Lamb Rogan Josh With Basmati Rice 350g,3.9,/,196,Add to cart,Save to list
$6.50,$32.50 / 1KG,South Cape Sweet Chilli Cream Cheese 200g,Add to cart,Save to list
LOWER AUTUMN PRICE,$6.50,$46.43 / 1KG,RANGE WAS $8.15 - 25/02/2025,Tasmanian Heritage Vintage Club Cheddar Cheese 140g,Add to cart,Save to list
$8.00,$2.29 / 100G,2 FOR $15.00 - $2.14/100G,Woolworths Chicken Korma With Rice Chilled Meal 350g,3.3,/,289,Add to cart,Save to list
$20.00,$1.67 / 100G,Chicken Tomato & Pesto Pasta Bake Family Meal 1.2kg,Add to cart,Save to list
SAVE $0.80,$3.95,$4.75 - $7.90 / 1KG,Frankfurts 500g,Add to cart,Save to list
SAVE $1.00,$7.50,$8.50 - $37.50 / 1KG,Mt Barker Free Range Roasted Shredded Chicken 200g,Promoted,Add to cart,Save to list
SAVE $0.50,$4.50,$5.00 - $2.25 / 100G,Nuffin Fetta & Cracked Pepper Dip 200g,Promoted,Add to cart,Save to list
SAVE $3.05,$11.95,$15.00 - $40.51 / 1KG,Tasmanian Heritage 3 Cheese Selection 295g,Promoted,Add to cart,Save to list
SAVE $1.00,$7.50,$8.50 - $34.09 / 1KG,Mt Barker Free Range Roasted Carved Chicken Breast 220g,Promoted,Add to cart,Save to list
SAVE $0.80,$4.00,$4.80 - $2.11 / 100G,Red Rock Deli Buffalo Sauce & Creamy Ranch Dip 190g,Add to cart,Save to list
$6.00,$46.15 / 1KG,Primo Reserve Tomato & Herb Chicken Schnitzel 130g,Add to cart,Save to list
SAVE $1.50,$8.20,$9.70 - $54.67 / 1KG,Tidbit Foods Truffle Cheese 150g,Add to cart,Save to list
EVERYDAY LOW PRICE,$5.50,$44.00 / 1KG,Unicorn Classic Chilli Brie 125g,Add to cart,Save to list
SAVE $8.00,$29.00,$37.00 - $29.00 / 1KG,D'Orsogna Premium Australian Ham Off The Bone Per Kg,Add to cart,Save to list
SAVE $1.00,$3.50,$4.50 - $2.06 / 100G,Picante Traditional Mexican Style Salsa 170g,Add to cart,Save to list
SAVE $1.00,$4.00,$5.00 - $2.96 / 100G,"Red Rock Deli Thai Chilli, Lime & Cashews Lime & Cashews 135g",Add to cart,Save to list
SAVE $1.00,$4.50,$5.50 - $56.25 / 1KG,Don Easy Entertaining Chorizo Salami 80g,Add to cart,Save to list
$9.90,$42.13 / 1KG,Mersey Valley Classic Cheddar Cheese Block 235g,Promoted,Add to cart,Save to list
$11.95,$59.75 / 1KG,Tasmanian Heritage Camembert Cheese 200g,4.0,/,1,• Promoted,Add to cart,Save to list
$9.90,$42.13 / 1KG,Mersey Valley Original Cheddar Cheese Block 235g,Promoted,Add to cart,Save to list
SAVE $1.00,$3.50,$4.50 - $2.80 / 100G,Obela Hi Protein Hommus To Go 125g,Promoted,Add to cart,Save to list
OUT OF STOCK,Hans Liverwurst Traditional 100g,View similar,products,             to Hans Liverwurst Traditional 100g,Save to list
$5.90,$59.00 / 1KG,Perfect Italiano Garlic & Herb Parmesan Finely Grated 100g,Add to cart,Save to list
$6.30,$6.30 / 100G,Maggie Beer Quince Paste with Syrup Cherry & Dark Chocolate Topping 100g,Add to cart,Save to list
$8.90,$44.50 / 1KG,Primo Reserve Danish Salami 200g,Add to cart,Save to list
$14.00,$36.84 / 1KG,Woolworths Deli Selection Platter Large 380g,3.7,/,389,Add to cart,Save to list
SAVE $1.50,$7.00,$8.50 - $35.00 / 1KG,Castello Mature Cheddar Cheese 200g,Add to cart,Save to list
SAVE $1.30,$5.50,$6.80 - $45.83 / 1KG,Tucker's Fruit Paste Plum & Lemon Myrtle 60g x 2 Pack,Add to cart,Save to list
$8.00,$53.33 / 1KG,Castello Mild Blue Cheese 150g,Add to cart,Save to list
$3.50,$1.56 / 100G,Global Bakehouse Garlic Sourdough 225g,Add to cart,Save to list
$18.00,$2.25 / 100G,Woolworths Beef Casserole Chilled Meal 800g,3.8,/,363,Add to cart,Save to list
$8.00,$2.29 / 100G,2 FOR $15.00 - $2.14/100G,Woolworths Calorie Controlled Beef Casserole With Mash 350g,3.2,/,745,Add to cart,Save to list
$7.30,$40.56 / 1KG,Yarra Valley Persian Fetta 180g,Add to cart,Save to list
$5.25,$21.00 / 1KG,Chicken Breast Supreme Thinly Sliced 250g,Add to cart,Save to list
$19.50,$19.50 / 1KG,Deli Leg Ham Sliced From The Deli Per Kg,Add to cart,Save to list
EVERYDAY LOW PRICE,$9.00,$2.57 / 100G,Easy Eats Fried Chicken & Potato Wedges 350g,Add to cart,Save to list
$20.00,$1.67 / 100G,Meat Lovers Pasta Bake Family Meal 1.2kg,Add to cart,Save to list
SAVE $5.00,$45.00,$50.00 - $45.00 / 1KG,Puopolo Artisan Salumi Sopressata Hot Salami Sliced From The Deli Per kg,Add to cart,Save to list
EVERYDAY LOW PRICE,$12.50,$1.04 / 100G,Ready Chef Italian Chicken Bake Family Size 1.2kg,Add to cart,Save to list
$8.80,$58.67 / 1KG,Somerdale Truffelino Cheddar 150g,Add to cart,Save to list
$6.00,$66.67 / 1KG,Barossa Fine Foods Pancetta 90g,Add to cart,Save to list
$6.60,$33.00 / 1KG,Beef Pastrami Sliced 200g,Add to cart,Save to list
$5.40,$36.00 / 1KG,Hot & Spicy Salami Sliced 150g,Add to cart,Save to list
SAVE $2.50,$2.50,$5.00 - $0.50 / 100G,Johnny Wong Singapore Noodles 500g,Add to cart,Save to list
$6.50,$39.39 / 1KG,Kenilworth Dairies Vintage Cheddar 165G,5.0,/,1,Add to cart,Save to list
$6.30,$6.30 / 100G,Maggie Beer Fig & Gin Fruit Paste 100g,Add to cart,Save to list
SAVE $0.40,$3.50,$3.90 - $29.17 / 1KG,Moondarra Soft & Creamy Cheese Honey Apricot & Almond 120g,Add to cart,Save to list
SAVE $0.60,$7.20,$7.80 - $24.00 / 1KG,Triple Smoked Leg Ham Sliced 300g,Add to cart,Save to list
$8.00,$2.29 / 100G,2 FOR $15.00 - $2.14/100G,Woolworths Thai Satay Chicken With Rice Chilled Meal 350g,3.1,/,325,Add to cart,Save to list
$35.00,$35.00 / 1KG,Bertocchi Premium Boneless Leg Ham Sliced PER KG,Add to cart,Save to list
$5.85,$19.50 / 1KG,Deli Leg Ham Sliced 300g,Add to cart,Save to list
SAVE $1.00,$7.50,$8.50 - $37.50 / 1KG,Mt Barker Free Range Roasted Shredded Chicken 200g,Promoted,Add to cart,Save to list
SAVE $0.50,$4.50,$5.00 - $2.25 / 100G,Nuffin Fetta & Cracked Pepper Dip 200g,Promoted,Add to cart,Save to list
SAVE $3.05,$11.95,$15.00 - $40.51 / 1KG,Tasmanian Heritage 3 Cheese Selection 295g,Promoted,Add to cart,Save to list
SAVE $1.00,$7.50,$8.50 - $34.09 / 1KG,Mt Barker Free Range Roasted Carved Chicken Breast 220g,Promoted,Add to cart,Save to list
$7.20,$48.00 / 1KG,Maggie Beer Cracked Peppercorn Cheddar Cheese Block 150g,Add to cart,Save to list
$7.30,$66.36 / 1KG,Maggie Beer Duck & Green Peppercorn Pate 110g,Add to cart,Save to list
$6.20,$51.67 / 1KG,Yarra Valley Cheese Salted Honey Cow 120g,Add to cart,Save to list
$12.00,$60.00 / 1KG,Australian Prosciutto Sliced 200g,Add to cart,Save to list
SAVE $3.00,$13.50,$16.50 - $13.50 / 1KG,Bertocchi Mortadella Green Olives Sliced From The Deli per KG,Add to cart,Save to list
SAVE $1.00,$8.50,$9.50 - $36.96 / 1KG,Frico Mild Edam Cheese Wedge 230g,Add to cart,Save to list
$8.00,$32.00 / 1KG,Jarrah Honey Ham Off The Bone Sliced 250g,Add to cart,Save to list
$7.80,$19.50 / 1KG,Plantein Plant Based Mediterranean Roast 400g,Add to cart,Save to list
SAVE $1.60,$7.60,$9.20 - $19.00 / 1KG,Shortcut Bacon 400g,Add to cart,Save to list
$9.90,$42.13 / 1KG,Mersey Valley Classic Cheddar Cheese Block 235g,Promoted,Add to cart,Save to list
$11.95,$59.75 / 1KG,Tasmanian Heritage Camembert Cheese 200g,Promoted,Add to cart,Save to list
$9.90,$42.13 / 1KG,Mersey Valley Original Cheddar Cheese Block 235g,Promoted,Add to cart,Save to list
SAVE $1.00,$3.50,$4.50 - $2.80 / 100G,Obela Hi Protein Hommus To Go 125g,Promoted,Add to cart,Save to list
$5.40,$27.00 / 1KG,Silverside Sliced 200g,Add to cart,Save to list
$11.50,$76.67 / 1KG,Tidbit Foods Vintage Manchego 12 Months 150g,Add to cart,Save to list
EVERYDAY LOW PRICE,$3.25,$1.63 / 100G,Tiffany's Kitchen Sriracha Hommus Dip 200g,Add to cart,Save to list
$39.00,$39.00 / 1KG,Woolworths Rare Roast Beef Sliced Per Kg,Add to cart,Save to list
SAVE $2.00,$27.00,$29.00 - $27.00 / 1KG,Woolworths Turkey Oven Roasted Sliced PER KG,Add to cart,Save to list
$7.20,$48.00 / 1KG,Maggie Beer Caramelised Onion Club Cheddar Aged 12+ Months 150g,Add to cart,Save to list
SAVE $1.00,$3.50,$4.50 - $2.80 / 100G,Obela Hi-Protein To Go Jalapeno Hommus 125g,Promoted,Add to cart,Save to list
$36.00,$36.00 / 1KG,KRC Hungarian Hot Salami Shaved From The Deli Per Kg,Add to cart,Save to list
SAVE $5.00,$45.00,$50.00 - $45.00 / 1KG,Puopolo Artisan Salumi Sopressata Hot Salami Shaved From The Deli Per kg,Add to cart,Save to list
$11.95,$59.75 / 1KG,Tasmanian Heritage Double Brie Cheese 200g,Promoted,Add to cart,Save to list
SAVE $2.00,$24.00,$26.00 - $24.00 / 1KG,D'Orsogna Triple Smoked Leg Ham 97% Fat Free Sliced From The Deli Per Kg,Add to cart,Save to list
SAVE $0.70,$4.85,$5.55 - $32.33 / 1KG,Danish Salami Sliced 150g,Add to cart,Save to list
SAVE $1.75,$7.25,$9.00 - $29.00 / 1KG,Premium Australian Ham Off The Bone Sliced 250g,Add to cart,Save to list
OUT OF STOCK,Don Cocktail Frankfurts From The Deli Per Kg,Add to cart,Save to list
$28.50,$28.50 / 1KG,Roast Pork Sliced Per kg,Add to cart,Save to list
$11.95,$59.75 / 1KG,Tasmanian Heritage Double Brie Cheese 200g,Promoted,Add to cart,Save to list
